1992 3261
1558 234 1637 272 297

206 357 279 388 nr.
301 343 356 387 30
386 364 440 379 z:
469 346 523 385 IG
554 347 612 384 III
643 346 741 384 456:

359 435 555 489 Τιβέριον
597 433 823 476 Κλαύδιον
862 433 1062 488 Καίσαρα
1100 429 1331 484 Σεβαστὸν
1367 429 1641 488 Γερμανικὸν

352 500 695 557 Αὔτοκράτορ[α
711 505 739 554 1)
770 497 1042 554 Ἀπόλλωνα]
1076 502 1295 557 Πατρῷον
1333 500 1356 542 ὁ
1394 499 1533 555 ἱερεύς
1569 497 1642 543 ου’-

352 572 435 613 τοῦ
465 605 472 612 .
495 605 527 612 ..
559 568 895 624 Διονυσόδωρος
921 572 1020 622 Σο[.
1040 603 1048 610 .
1069 572 1093 621 .]
1124 566 1345 618 Σουνιεύς
1371 567 1452 611 τὸν
1478 567 1642 612 ἑαυτοῦ

352 655 399 680 τε
440 639 531 691 κα[ὶ
571 640 653 680 τοῦ
696 636 971 693 σύμ]παυτος
1011 637 1139 680 οἴκου
1182 639 1359 694 σωτῆρα
1395 638 1468 679 καὶ
1506 632 1642 693 guest)-

354 707 516 763 γέτηυ].

150 801 209 839 De
240 801 430 850 Apolline
461 801 603 838 Pati-oo
632 800 799 838 Athenis
830 801 933 838 culto
966 798 1013 837 cf.
1039 799 1088 837 Κ.
1105 798 1331 847 Wernioke,
1362 800 1492 840 P.-W.
1519 800 1644 838 1163.

257 872 484 920 Ἀπόλλων
516 881 736 927 ,Μουσεῐος
766 880 967 928 Augustus
998 880 1221 928 appellatus
1253 881 1309 917 est
1340 880 1524 929 Megaris:

210 981 282 1011 nr.
305 969 359 1011 31
392 988 444 1004 =
476 970 529 1009 JG
550 971 623 1008 VII
645 971 713 1008 36:

355 1060 552 1102 Μουσῶν
579 1059 653 1100 καὶ
682 1061 794 1101 θεοῦ
821 1059 1044 1114 Καίσαρος
1069 1059 1142 1100 καὶ
1172 1057 1520 1114 Αὐτοκράτορος
1542 1059 1644 1101 Καί-

354 1139 486 1182 σαρος
514 1128 629 1168 θεοῦ
655 1125 758 1168 υἱοῦ
787 1129 1020 1178 Σεβαστοῦ
1040 1124 1321 1177 Ἀπόλλωνος
1348 1127 1585 1169 Μουσείου.

152 1232 374 1281 Cognomen
405 1234 614 1281 propterea
643 1231 803 1269 inditum
836 1231 998 1278 videtur,
1036 1231 1138 1280 quod
1170 1232 1380 1281 imperator
1410 1233 1556 1281 positus
1587 1234 1645 1269 est

152 1300 262 1338 iuxta
291 1301 430 1338 Musas.

266 1380 451 1429 Apollini
509 1382 698 1429 aequatur
757 1380 871 1417 etiam
930 1379 1150 1417 Hadrianus
1209 1379 1248 1417 in
1306 1380 1419 1417 titulo
1476 1379 1645 1418 Aezanis

152 1450 323 1496 reperto:

211 1548 284 1578 nr.
308 1535 362 1579 32
392 1555 447 1570 2
478 1538 563 1577 CIG
595 1538 699 1575 3841
735 1555 790 1570 z
819 1538 910 1577 IGR
939 1539 994 1576 IV
1017 1539 1113 1576 562:

356 1621 666 1681 Αὐτοκράτορι
688 1619 899 1682 Ἀδριανῷ
929 1627 1150 1681 Γενέτορι.

153 1721 253 1759 Nam
282 1717 484 1773 Γενέτωρ
516 1720 695 1770 epiolesis
727 1723 784 1758 est
813 1721 1024 1770 Apollinis.
1085 1719 1140 1758 Of.
1169 1720 1212 1759 Ο.
1233 1720 1386 1768 Jessen,
1422 1720 1550 1758 P.-W.
1572 1721 1647 1758 VII

159 1788 262 1826 1149
281 1800 336 1838 sq.
345 1789 377 1837 2)

270 1935 298 1977 ¹)
331 1932 390 1968 Sic
429 1932 573 1968 titulum
613 1932 767 1977 suppleo
803 1936 949 1969 secutus
986 1934 1137 1969 alterum
1173 1933 1406 1969 1G111457.
1469 1934 1512 1969 Id
1548 1935 1648 1979 quod

154 1990 327 2036 proponit
349 1989 627 2034 ⁴Dit‘cenberger⁷
665 1985 948 2036 αὖτοκράτορ[α
985 1987 1027 2025 τὸ
1160 1991 1317 2036 spatium
1350 1991 1529 2026 excedere
1562 1992 1647 2026 mihi

155 2048 310 2083 videtur.

267 2105 296 2147 2)
328 2103 535 2147 Augustum
567 2103 767 2138 Alabandis
798 2097 1010 2139 Ἀπόλλωνα
1043 2094 1283 2150 Ἐλευθέριον
1316 2105 1535 2149 appellatum
1569 2116 1647 2140 esse

156 2171 200 2196 ex
223 2160 294 2194 hoc
318 2159 424 2195 titulo
450 2159 706 2194 concluserunt
731 2160 793 2204 qui
818 2160 1026 2196 ediderunt:

225 2228 305 2264 CIG
331 2230 417 2262 2903
433 2226 451 2262 f
471 2227 554 2262 add.
579 2243 624 2256 =
648 2228 698 2262 Le
724 2228 795 2262 Bas
820 2227 876 2262 111
902 2231 966 2263 549
991 2244 1036 2257 =
1060 2228 1143 2264 OGI
1167 2232 1250 2264 457:

492 2289 723 2337 Ἀπόλλωνος
747 2289 988 2341 Ἐλευθερίου
1017 2297 1234 2342 Σεβαστοῦ.

157 2364 269 2405 Quem
302 2363 348 2398 ad
379 2363 522 2398 titulum
552 2363 813 2407 Dittenberger
844 2364 1010 2399 adnotat:
1051 2365 1152 2408 „Hoo
1181 2375 1312 2400 nomen
1344 2366 1408 2408 (se.
1430 2360 1647 2410 Σεβαστός)

158 2421 211 2455 sie
241 2420 338 2455 nude
368 2420 526 2464 positum
556 2430 628 2454 non
658 2423 783 2463 potest
806 2419 914 2454 alium
938 2421 1140 2465 significare
1164 2425 1273 2466 atque
1298 2432 1396 2466 eum,
1428 2423 1489 2466 qui
1513 2422 1647 2466 primus

158 2477 316 2511 omnium
353 2487 396 2511 eo
431 2480 578 2511 ornatus
613 2480 667 2511 est
714 2497 757 2501 —
793 2476 891 2511 Cave
922 2477 1006 2511 hine
1038 2478 1188 2522 colligas
1219 2479 1254 2512 in
1287 2478 1505 2512 Graecorum
1537 2478 1649 2512 saeris

157 2543 309 2577 usquam
342 2529 576 2578 Ἐλευθέριος
612 2533 780 2567 usitatam
814 2533 995 2577 Apollinis
1031 2534 1206 2578 epielesin
1240 2533 1365 2569 fuisse.
1420 2534 1533 2569 Immo
1567 2545 1647 2568 oum

158 2590 191 2624 in
216 2590 422 2624 universum
441 2589 621 2634 Apollinis
646 2600 775 2623 nomen
793 2589 951 2634 Augusti
975 2591 1119 2636 iugenio
1147 2594 1183 2626 et
1206 2601 1383 2635 personae
1401 2590 1648 2625 accommoda-

156 2646 332 2681 tissimum
358 2649 470 2689 esset,
502 2652 651 2690 propter
675 2646 878 2680 libertatem
902 2650 1148 2691 recuperatam
1172 2658 1261 2682 vero
1286 2647 1354 2682 hoo
1379 2650 1646 2682 monumentum

159 2703 373 2747 erigeretur,
419 2703 463 2738 ab
504 2702 824 2737 Alabandensibus
865 2702 969 2747 haee,
1010 2713 1101 2748 quae
1140 2704 1285 2748 proprie
1325 2705 1416 2738 inter
1456 2715 1494 2737 se
1535 2704 1649 2738 aliena

159 2762 259 2802 sunt,
291 2760 637 2803 coniungebantur“.
686 2759 762 2801 Qua
793 2759 828 2792 in
861 2759 1156 2803 interpretatione
1187 2761 1296 2795 valde
1322 2760 1473 2795 offendit
1498 2761 1648 2795 verbum

163 2813 363 2860 Σεβαστός
395 2816 448 2850 sie
480 2816 578 2850 nude
609 2816 766 2860 positum
799 2820 884 2859 post
914 2826 1043 2850 nomen
1076 2816 1152 2860 (lei,
1187 2827 1267 2851 eum
1298 2817 1425 2851 multas
1456 2816 1648 2851 habeamus

159 2871 424 2917 inscriptiones,
458 2873 493 2906 in
526 2872 656 2917 quibus
688 2872 837 2907 verbum
871 2869 1058 2917 σεβαστός
1082 2888 1126 2901 =
1150 2876 1324 2918 augustus
1348 2872 1492 2908 additur
1515 2873 1649 2907 nomini

227 2940 308 2965 Dis-s.
327 2940 397 2966 Hal.
419 2940 481 2973 XX,
501 2941 527 2966 3.
1401 2942 1443 2974 20
