1992 3261
290 269 369 306 332

287 381 409 427 Quam
450 383 498 419 ob
539 394 619 420 rem
659 385 762 421 recte
803 384 1003 432 suppletus
1041 395 1125 422 esse
1155 384 1308 423 videtur
1338 386 1470 424 titulus
1499 386 1553 426 IG
1582 388 1640 426 111
1662 388 1685 424 9
1716 387 1781 441 τῷ

286 463 333 488 τε
364 443 643 503 Ἐλ[ευθερίφ
675 449 741 490 Διὶ
773 449 845 489 καὶ
874 447 1101 505 Ἁὸριαυ]ᾦ
1123 451 1324 504 Καίσαρῂ
1346 454 1560 508 Σεβαστῷ
1586 455 1779 510 σωτῆ]ρι.

286 517 473 555 Hadriani
503 519 620 567 ipsius
650 521 803 558 nomine
824 520 1041 558 Eleutherii
1071 521 1262 570 appellati
1293 523 1363 560 etsi
1391 526 1536 561 certum
1557 535 1635 562 non
1656 527 1782 562 exstat

284 586 555 634 testimonium,
585 589 715 625 tamen
745 587 909 626 fortasse
941 589 1075 627 afferre
1106 590 1211 627 iuvat
1241 590 1394 628 titulum

343 688 414 718 nr.
439 675 520 718 130
550 697 603 710 =
634 679 687 718 IG
718 680 898 717 111253:

489 778 638 834 ἱερέως
665 778 896 834 Ἀδριανοῦ
930 779 1250 836 Ἐλευθεραίως
1281 786 1364 834 (pro
1397 777 1721 838 Ἐλευθερέως).

285 883 407 930 Quam
439 885 488 922 ad
518 885 807 934 inscriptionem
829 886 889 923 W.
911 887 1186 935 Dittenberger
1207 887 1367 925 adnotat
1388 887 1500 926 haec:
1534 889 1780 937 „Extremum

284 952 515 991 vocabulum
555 966 632 991 non
671 953 784 991 modo
823 955 960 992 ceteris
992 956 1184 993 recentius
1216 955 1285 994 sed
1317 956 1432 994 etiam
1462 957 1661 1005 aliquanto
1692 960 1781 1007 post

283 1021 471 1058 Hadriani
502 1025 660 1059 mortem
692 1022 854 1060 incisum
885 1034 970 1061 esse
997 1035 1083 1061 cum
1109 1024 1325 1062 litterarum
1347 1023 1568 1062 formatum
1589 1025 1780 1074 scriptura

284 1102 326 1127 αι
347 1101 417 1138 pro
440 1102 458 1128 ε
479 1089 624 1128 indicat
646 1120 653 1127 .
676 1121 683 1127 .
707 1121 714 1127 .
766 1090 893 1136 Quare
925 1091 1228 1130 additamentum
1256 1092 1356 1130 illud
1382 1092 1432 1130 ad
1453 1093 1612 1131 alterius
1632 1105 1670 1142 p.
1691 1093 1780 1132 Chr.

283 1158 432 1194 saeculi
452 1157 566 1196 finem
589 1161 653 1196 aut
673 1159 776 1196 tertii
797 1159 943 1197 initium
965 1160 1218 1198 rettulerim“.
1263 1160 1578 1209 Intellegendum
1600 1173 1683 1199 esse
1704 1160 1778 1200 hoc

283 1237 436 1273 quoque
466 1227 552 1264 loco
583 1229 676 1275 puto
707 1219 1003 1279 Ἐλευθέριον,
1036 1239 1121 1266 cum
1151 1228 1389 1266 Hadrianum
1421 1230 1662 1279 appellatum
1693 1240 1778 1268 esse

283 1289 504 1333 Διόνυσον
534 1286 795 1347 Ἑλευθερέα
825 1297 936 1334 nullo
965 1296 1185 1334 testimonio
1216 1297 1411 1346 probetur.

395 1373 510 1412 Haud
540 1375 620 1413 scio
652 1387 701 1412 an
732 1386 803 1424 pro
833 1376 1051 1414 testimonio
1073 1376 1304 1415 Atheniensi
1334 1376 1536 1415 habendus
1567 1378 1615 1415 sit
1643 1377 1779 1415 titulus

282 1441 454 1480 Perinthi
482 1445 658 1491 repertus

339 1543 411 1573 nr.
437 1530 516 1573 131
549 1551 601 1566 =
634 1533 719 1573 OIG
742 1535 848 1572 2021
883 1553 936 1566 =
968 1534 1057 1574 IGR
1086 1535 1228 1573 1785:

487 1616 817 1678 [Αὐτοκράτορι
842 1624 1026 1678 Καίσαρι
1055 1622 1264 1679 Ἀδριανῷ
1294 1627 1521 1680 Σεβαστῷ]
1553 1619 1777 1681 Ὀλυμπίῳ

484 1691 557 1732 καὶ
589 1685 860 1746 Ἐλευθερίῳ
891 1692 965 1732 καὶ
996 1692 1188 1746 Σαβείνῃ
1220 1695 1452 1746 Σεβαστῇ.
1477 1727 1485 1736 .
1512 1727 1520 1735 .

279 1786 378 1822 Nam
429 1796 515 1823 cum
559 1785 780 1823 Hadrianus
830 1789 986 1834 praeter
1029 1785 1206 1824 Athenas
1252 1790 1289 1824 et
1333 1786 1500 1825 Lesbum
1546 1786 1695 1826 duabus
1738 1789 1777 1825 in

279 1853 609 1902 inscriptionibus,
655 1866 700 1891 ea
745 1854 894 1892 scilicet
936 1865 1051 1902 quam
1096 1854 1208 1892 modo
1250 1855 1363 1892 attuli
1403 1858 1442 1893 et
1481 1856 1606 1893 altera
1645 1856 1777 1894 Tomis

279 1924 443 1970 reperta,
474 1933 589 1969 quam
620 1933 738 1971 supra
768 1934 804 1971 p.
827 1922 905 1959 291
940 1922 1109 1969 laudavi,
1140 1922 1272 1960 audiat
1303 1922 1561 1972 Eleutherius,
1591 1923 1777 1962 habemus

280 1989 383 2037 quod
427 1991 628 2038 opinemur
671 1990 742 2027 hos
786 1991 920 2029 titulos
965 1991 1183 2040 singulares
1228 1990 1399 2040 pendere
1440 2004 1488 2030 ex
1527 1992 1671 2030 Atticis
1711 1995 1778 2030 aut

278 2057 439 2095 Lesbiis.
499 2059 792 2107 Inscriptionem
823 2059 1067 2097 Tomitanam
1104 2059 1340 2096 simillimam
1378 2071 1461 2098 esse
1493 2071 1639 2107 earum,
1677 2071 1776 2109 quae

278 2125 395 2163 Lesbi
435 2129 612 2174 repertae
649 2129 754 2174 sunt,
794 2138 911 2175 supra
947 2127 1227 2173 demonstravi,
1267 2130 1399 2166 noster
1435 2129 1569 2166 titulus
1606 2129 1698 2176 quin
1728 2139 1777 2166 ex

278 2193 413 2231 Attica
440 2193 610 2242 pendeat
630 2207 707 2232 non
730 2194 873 2233 dubito.
922 2196 1022 2233 Nam
1045 2195 1164 2234 verba
1184 2188 1415 2247 Ὀλύμπιος
1437 2198 1475 2234 et
1496 2192 1776 2249 Ἐλευθέριος

278 2261 397 2299 verbo
419 2260 493 2300 καὶ
514 2263 614 2299 inter
634 2274 675 2300 se
697 2263 902 2301 coniuncta
923 2275 1008 2301 cum
1029 2264 1145 2302 Lesbi
1166 2276 1243 2301 non
1264 2265 1521 2312 inveniantur,
1548 2264 1774 2302 facillimam

279 2330 634 2379 interpretationem
660 2330 815 2378 habent,
843 2332 875 2368 si
896 2332 1049 2369 titulum
1070 2343 1231 2369 revocas
1252 2331 1441 2379 Athenas,
1467 2332 1533 2370 ubi
1552 2331 1775 2370 Hadrianus

280 2392 471 2444 σύνναος
502 2401 585 2436 erat
616 2402 652 2436 et
682 2399 786 2437 Iovis
818 2398 990 2448 Olympii
1003 2400 1030 2447 ¹)
1062 2402 1098 2438 et
1129 2400 1232 2438 Iovis
1263 2399 1491 2438 Eleutherii.
1504 2400 1536 2450 2)

393 2544 420 2586 ¹)
446 2542 500 2578 Cf.
525 2554 559 2587 p.
579 2545 653 2577 334.

391 2601 418 2642 ²)
446 2599 485 2634 In
510 2599 617 2634 titulo
643 2599 693 2634 IG
718 2599 770 2634 III
797 2604 861 2634 402

911 2696 917 2703 .
938 2697 944 2703 .
964 2669 1088 2715 .]ανο[.
1108 2698 1114 2704 .
1134 2697 1141 2704 .

802 2753 808 2759 .
829 2753 835 2759 .
854 2753 861 2760 .
888 2726 1163 2772 Ἐλ]ευι9ερί[ου
1189 2754 1196 2761 .
1215 2754 1222 2761 .

700 2809 706 2816 .
727 2809 734 2816 .
753 2810 759 2816 .
787 2782 898 2827 θεοῦ]
926 2779 1082 2828 Νέρουα
1107 2780 1262 2828 υ[ἱωνόν
1287 2811 1294 2818 .
1313 2811 1320 2818 .
1339 2811 1346 2818 .

764 2836 965 2884 Τραϊανόν]
997 2834 1201 2885 Ῐ-ίδ()ιαν[όν
1227 2868 1234 2875 .
1253 2868 1259 2874 .
1281 2868 1288 2875 .

277 2928 369 2961 (luae
395 2919 485 2952 inter
510 2918 616 2953 deum
642 2922 678 2953 ct
703 2918 922 2954 Hadrianum
947 2919 1190 2955 intercesserit
1214 2920 1412 2955 necessitas
1436 2931 1507 2955 non
1531 2920 1655 2965 liquet.
