1992 3261
303 249 384 287 330

810 397 986 449 Caput
1022 397 1295 450 quintum.

413 486 502 523 Non
533 497 620 523 raro
652 486 860 535 imperator
887 487 1067 534 receptus
1098 488 1157 523 est
1185 485 1285 524 inter
1312 496 1432 533 sacra,
1464 498 1562 534 quae
1583 486 1660 523 iam
1680 489 1796 524 antea

302 556 407 592 certo
447 554 579 602 aliquo
619 555 707 592 loeo
748 553 947 591 celebrata
985 556 1087 602 sunt,
1134 556 1172 591 et
1213 547 1404 601 σύνναος
1443 553 1568 592 factus
1608 554 1796 604 epielesin

301 622 462 670 accepit,
494 633 592 670 quae
625 621 687 660 dei
717 622 788 659 illo
818 622 906 659 1000
937 622 1095 670 propria
1126 623 1217 659 erat.
1274 622 1526 660 Praemittere
1556 621 1649 660 mihi
1677 622 1796 660 liceat

303 691 526 740 exemplum
557 691 850 740 Pergamenum,
884 691 1027 740 quippe
1058 689 1160 739 quod
1192 690 1309 728 valde
1339 690 1585 739 perspicuum
1617 691 1685 728 sit:

358 792 430 823 nr.
454 779 534 822 127
568 801 621 814 =
652 782 770 820 Inser.
799 782 911 830 Perg.
934 782 1013 819 497
1046 800 1100 813 ==
1132 781 1220 821 OGI
1252 782 1334 819 474
1366 800 1419 813 =
1450 781 1539 820 IGR
1568 782 1623 820 IV
1640 781 1738 820 464:

509 873 765 912 Φαυστῖναν
792 904 799 910 .
829 904 836 910 .
868 904 875 910 .
919 868 1081 923 ἱέρειαν
1126 870 1369 925 γενομένην
1414 872 1492 925 τῆς
1531 867 1796 925 Νικηφόρον

506 939 574 979 καὶ
611 936 834 987 Πολιάδος
857 932 1044 994 Ἀθηνᾶς
1078 939 1153 978 καὶ
1189 932 1375 988 Ἰουλίας
1408 935 1667 991 συνθρόνου
1697 938 1797 987 νέας

506 1004 773 1061 Νικηφόρου
806 1007 1085 1061 Γερμανικοῦ
1119 1007 1339 1058 Καίσαρος
1371 1003 1597 1061 θυγατρός
1619 1039 1625 1046 .
1650 1040 1658 1047 .
1683 1039 1691 1048 .

302 1112 402 1148 Iulia
432 1110 653 1149 Germanioi
681 1110 857 1148 Caesaris
887 1110 968 1148 filia
997 1113 1154 1159 recepta
1185 1115 1242 1148 est
1271 1112 1371 1148 inter
1401 1122 1513 1149 saera
1533 1104 1797 1163 Νικηφόρον

298 1175 485 1231 ζ’ὶθιμέἇς·
518 1183 553 1216 et
584 1180 785 1228 appellata
816 1174 1070 1231 σύνθρονος
1102 1177 1177 1218 νέα
1205 1174 1473 1232 Νικηφόρος.
1521 1178 1799 1227 Intellegenda

302 1250 360 1284 est
385 1247 487 1284 Iulia
507 1247 652 1284 Livilla
679 1246 761 1285 filia
782 1246 1004 1285 Germanioi
1034 1247 1190 1284 minima
1221 1250 1324 1294 natu,
1355 1259 1440 1284 cum
1470 1259 1547 1284 non
1577 1246 1798 1293 habeamus,

303 1327 370 1353 cur
422 1315 696 1363 intellegamus
741 1315 879 1352 Iuliam
926 1315 1137 1353 Drusillam
1188 1327 1357 1353 sororem
1407 1315 1605 1363 maiorem,
1655 1315 1796 1364 quippe

303 1395 401 1432 quae
433 1394 621 1432 nusquam
653 1384 735 1421 solo
767 1383 922 1421 nomine
953 1383 1078 1421 Iuliae
1109 1384 1344 1433 appelletur.

417 1463 536 1501 Inser.
568 1463 680 1511 Perg.
703 1463 784 1500 403
818 1466 855 1500 et
885 1463 967 1500 498
999 1474 1076 1500 non
1108 1474 1202 1511 opus
1234 1466 1291 1500 est
1327 1463 1477 1509 afferre,
1518 1475 1602 1501 cum
1643 1462 1692 1500 ad
1732 1474 1797 1500 eas

303 1530 542 1580 supplendas
563 1531 611 1568 M.
634 1531 832 1569 Fraenkel
857 1542 947 1569 usus
969 1532 1018 1568 sit
1038 1534 1168 1569 nostro
1189 1531 1314 1570 titulo.
1359 1527 1524 1583 Ἀθηνᾶ
1543 1525 1798 1584 Νικηφόρος

302 1600 505 1647 permultis
550 1600 589 1636 in
633 1600 755 1637 titulis
801 1603 1135 1644 commemoratum
1183 1599 1229 1636 ef.
1269 1599 1482 1646 Fraenkel,
1526 1599 1645 1637 Inscr.
1684 1599 1798 1648 Perg.

304 1679 340 1716 p.
363 1667 456 1705 516.
516 1668 672 1716 Templi
702 1668 935 1705 mentionem
966 1667 1061 1705 facit
1092 1668 1224 1705 Livius
1255 1667 1403 1705 XXXII
1434 1668 1498 1714 33,
1522 1668 1556 1705 5.

418 1804 541 1842 Simili
584 1803 697 1841 modo
728 1804 841 1841 Livia
871 1804 1002 1851 Cyzici
1039 1803 1141 1841 facta
1173 1806 1229 1841 est
1261 1799 1450 1850 σύνναος
1481 1803 1554 1841 dea
1584 1804 1797 1842 Minervae:

360 1905 430 1935 nr.
455 1892 536 1935 128
567 1913 621 1926 =
651 1894 741 1933 IGR
770 1895 824 1932 IV
850 1895 947 1931 144:

510 2018 516 2025 .
538 2017 545 2024 .
565 2019 571 2025 .
597 1983 809 2026 Ἀντωνία
836 1981 1060 2038 Τρύφαινα
1085 2019 1091 2025 .
1113 2018 1120 2026 .
1141 2018 1148 2025 .
1171 1981 1252 2025 τὸν
1281 1981 1463 2026 αἰώνιον
1486 1986 1567 2026 τοῦ
1588 1984 1797 2038 μεγίστου

508 2053 630 2093 θεῶν
677 2053 877 2105 Τιβὲρὶου
918 2054 1150 2104 Σεβαστοῦ
1190 2053 1406 2106 Καίσαρος
1448 2049 1576 2094 οἷκον
1604 2084 1613 2093 .
1639 2085 1648 2094 .
1675 2085 1684 2093 .
1726 2047 1798 2093 διὰ

507 2118 675 2169 παντὸς
708 2119 948 2171 domos-oa
981 2122 1311 2175 συγκαθιέρωσε
1342 2123 1392 2174 τῇ
1421 2117 1607 2162 Πολιάδι
1632 2118 1798 2176 Ἀθηνᾷ

509 2185 682 2242 α’γαλμα
713 2191 789 2244 τῆς
819 2186 982 2243 μητρὸς
1016 2187 1156 2230 αότοῦ
1190 2191 1431 2245 [Σεβαστῆς
1461 2185 1797 2243 Νει]κηφό[ρ]ου

506 2257 579 2298 καὶ
612 2258 808 2307 λαβοῦσα
839 2256 961 2311 παρὰ
991 2259 1068 2311 τῆς
1099 2254 1272 2306 πόλεως
1304 2256 1520 2312 ἱερητείαν
1543 2291 1549 2297 .
1574 2291 1581 2297 .
1606 2290 1613 2297 .
1644 2254 1797 2298 Ἀντω-

508 2325 606 2366 νίαν
636 2323 888 2379 Τρύφαιναν
915 2326 1126 2375 βασιλέως·
1152 2325 1419 2379 Πολέμωιιός
1446 2326 1519 2366 καὶ
1546 2324 1798 2379 βασιλίσσης

508 2394 833 2447 ΙΙυθ-οὸωρίὸος
884 2392 1192 2448 Φιλομήτορος
1245 2394 1469 2448 θυγατέρα
1518 2391 1671 2447 ἱερήαν
1715 2395 1796 2434 Σε-

507 2464 670 2516 βαστῆς
701 2459 987 2516 Νεικηφύρου
1014 2497 1020 2503 .
1045 2496 1051 2503 .
1077 2496 1084 2503 .

302 2556 413 2593 Livia
457 2556 572 2604 igitur
617 2550 808 2601 σι’·νναος
855 2550 1040 2607 Ἀθηνᾶς
1082 2551 1304 2601 Πολιάδος
1349 2553 1453 2592 faeta
1496 2553 1697 2602 appellata
1741 2555 1798 2590 est

304 2618 603 2675 Necxrjgpdpoffi
643 2622 745 2671 quod
787 2634 1002 2672 cognomen
1042 2622 1293 2661 memorabile
1335 2625 1392 2660 est
1430 2623 1654 2671 propterea,
1694 2619 1797 2669 quod

304 2692 413 2729 nullo
440 2692 516 2728 alio
539 2691 578 2727 111
599 2691 710 2728 titulo
733 2690 924 2737 Cyziceno
941 2692 965 2740 ¹)
988 2691 1170 2735 oooui·rit;
1203 2702 1288 2728 oum
1310 2690 1506 2739 proprium
1528 2689 1576 2727 sit
1597 2689 1796 2727 Minervae

418 2836 444 2878 ¹)
470 2835 573 2870 Unde
599 2835 737 2879 Cagnat
761 2834 910 2879 colligat
934 2835 1128 2870 Minervam
1154 2835 1221 2869 iam
1248 2834 1388 2879 pridem
1413 2843 1433 2868 a
1456 2832 1646 2878 Cyzicenis
1670 2831 1795 2877 appel-

303 2891 409 2926 altam
436 2902 516 2927 esse
544 2888 799 2937 Νεικηφόρον,
824 2901 894 2926 11011
920 2891 1039 2926 video.
