1992 3261
323 262 406 299 268

383 376 474 413 Hor.
506 388 537 414 c.
565 376 582 413 I
611 377 646 425 2,
668 376 718 413 41
735 388 834 425 sqq.:

730 479 809 517 sive
837 481 993 517 mutata
1022 480 1193 517 izweozem
1224 478 1352 526 fiyura

731 547 814 585 ales
843 549 885 585 in
919 548 1028 586 terris
1057 548 1236 592 imitaris,
1268 547 1398 585 almae

729 616 838 663 filius
867 616 1016 661 Maiae,
1039 617 1201 664 patiens
1229 616 1363 654 vocari

868 683 1048 723 Caesaris
1078 685 1193 723 ultor.

323 785 398 824 Sed
420 798 497 824 non
518 789 622 825 recte
643 788 736 836 puto
758 787 1098 825 Reitzensteinium
1121 787 1273 836 opinari
1295 798 1351 834 ea,
1382 798 1480 835 quae
1501 787 1659 825 orientis
1678 787 1814 836 populi

323 855 450 892 animo
495 855 569 893 sibi
613 854 858 902 effinxerunt.
906 855 1006 904 apud
1050 855 1264 903 Vergilium
1309 855 1578 893 auctoritatem
1622 854 1814 893 habuisse.

322 923 422 960 Nam
463 924 626 972 primum
667 935 722 970 ea,
764 935 862 972 quae.
904 923 952 961 dc
989 924 1179 961 Mercurio
1220 924 1291 961 illo
1328 923 1541 972 traduntur,
1581 935 1658 961 non
1693 923 1814 972 plane

321 991 558 1040 respondent
594 992 722 1029 verbis
752 991 917 1040 Vergili,
955 1003 1038 1029 cum
1075 992 1143 1028 ille
1181 987 1304 1031 Αἰών
1341 992 1564 1041 appellatus
1600 993 1814 1040 temporum

323 1071 474 1108 quoque
530 1058 623 1097 deus
678 1060 744 1106 sit,
801 1071 912 1108 quem
964 1059 1160 1108 Vergilius
1215 1071 1292 1097 non
1348 1061 1630 1098 commemorat.
1714 1059 1814 1098 Tum

322 1128 534 1165 Mercurius
566 1139 677 1176 quem
706 1127 786 1165 dixi
811 1140 886 1165 uno
913 1130 1086 1177 tempore
1113 1130 1151 1165 et
1178 1121 1500 1180 κοσμοκράτωρ
1529 1130 1567 1165 et
1593 1128 1815 1167 θαλασσο-

322 1191 500 1247 κράτωρ
538 1199 576 1233 et
611 1190 736 1235 Αἰώυ
772 1198 809 1233 et
845 1190 948 1247 Μήν
985 1196 1217 1245 appellatur,
1254 1196 1449 1244 Vergilius
1486 1199 1613 1234 autem
1650 1196 1814 1245 impera-

322 1267 443 1302 torem
480 1276 557 1302 non
588 1263 752 1301 affirmat
783 1275 912 1301 omnes
943 1264 1035 1300 illas
1066 1265 1165 1302 vires
1199 1265 1419 1313 complecti,
1458 1264 1527 1302 sed
1556 1265 1726 1302 incertus
1757 1267 1815 1302 est

323 1343 418 1380 quos
448 1332 550 1370 inter
581 1331 674 1370 deos
704 1331 964 1369 numerandus
995 1332 1053 1369 sit.

437 1411 501 1449 Ad
532 1411 695 1449 eundem
729 1411 840 1449 deum
867 1411 1128 1449 Reitzenstein
1158 1411 1352 1460 pertinere
1383 1414 1492 1460 putat
1519 1412 1639 1450 verba
1665 1412 1815 1450 Horatii

324 1479 437 1517 modo
475 1480 668 1528 exscripta
705 1479 751 1527 (c.
777 1479 795 1515 I
823 1480 857 1526 2,
880 1479 929 1515 41
948 1479 1062 1527 sqq.)‚
1104 1490 1188 1516 cum
1225 1490 1296 1516 nec
1333 1479 1425 1516 Itali
1461 1491 1533 1517 nee
1571 1478 1709 1518 Graeci
1745 1491 1811 1516 un-

324 1560 437 1596 quam
477 1548 699 1597 putaverint
739 1550 884 1585 certum
925 1547 1037 1584 deum
1073 1547 1111 1584 in
1147 1550 1270 1584 terras
1307 1547 1605 1585 descendentem
1644 1548 1813 1596 speciem

323 1616 528 1653 humanam
578 1615 739 1653 induere
784 1618 822 1652 et
866 1615 1086 1664 expiatione
1133 1614 1310 1652 confecta
1354 1616 1393 1651 in
1439 1616 1589 1653 caelum
1633 1614 1772 1653 redire.
1786 1617 1812 1664 1)

323 1685 502 1733 Augusto
539 1687 665 1721 autem
702 1695 787 1722 cum
822 1695 892 1732 pro
930 1683 1002 1720 deo
1039 1683 1247 1721 haberetur
1283 1684 1452 1732 expiatio
1489 1683 1644 1721 attribui
1680 1684 1814 1733 potuit.

324 1751 446 1798 Quam
478 1755 594 1801 pocta
624 1763 701 1789 non
733 1752 961 1799 cogitaverit
992 1751 1038 1788 de
1069 1751 1260 1789 Mercurio
1293 1751 1361 1789 sed
1393 1751 1440 1788 de
1471 1752 1648 1800 Augusto
1679 1763 1727 1789 ex
1759 1752 1814 1790 eis

323 1821 498 1858 versibus
534 1823 710 1869 apparet,
747 1820 812 1868 qui
847 1819 1100 1869 praecedunt;
1137 1831 1226 1856 nam
1262 1820 1384 1868 primo
1420 1820 1621 1857 invocatur
1650 1819 1813 1869 Apollo,

325 1891 452 1926 custos
490 1888 584 1926 deus
616 1889 798 1937 Augusti,
838 1891 916 1925 tum
948 1888 1094 1935 Venus,
1131 1887 1308 1936 genetrix
1344 1888 1468 1936 gentis
1498 1888 1636 1935 Iuliae,
1674 1887 1814 1925 deinde

324 1957 436 2003 Mars,
464 1959 597 1994 auctor
622 1957 756 2005 populi
778 1956 956 2002 Romani3
984 1956 1120 2003 quibus
1149 1955 1228 1993 deis
1254 1956 1559 1994 commemoratis
1581 1959 1814 2005 praeparata

325 2028 382 2063 est
412 2025 605 2062 invocatio
636 2025 854 2073 Augusti.‘-')

438 2104 523 2142 Hoc
559 2116 607 2142 ex
642 2105 729 2141 loco
766 2116 844 2142 non
879 2104 972 2141 licet
1006 2102 1239 2141 concludere
1269 2103 1485 2151 Augustum
1516 2104 1642 2152 ipsum
1671 2115 1712 2142 se
1742 2115 1812 2153 pro

324 2174 512 2212 Mercurio
544 2173 758 2222 gessisse,3)
789 2173 1016 2221 praesertim
1049 2184 1134 2210 cum
1165 2172 1245 2209 alia
1272 2174 1378 2210 certa
1404 2172 1622 2210 testimonia
1646 2173 1814 2221 Augusti

325 2242 516 2280 Mercurio
557 2241 711 2290 aequati
752 2241 864 2278 nulla
903 2240 1174 2289 p1·0die1·int;⁴)
1216 2251 1342 2289 neque
1383 2241 1482 2278 enim
1520 2239 1813 2279 adsentiendum

438 2422 464 2464 ¹)
496 2419 517 2454 l.
537 2431 565 2454 c.
595 2430 629 2464 p.
652 2423 712 2454 177
723 2432 729 2453 :
764 2419 832 2454 ‘Ist
863 2429 902 2454 es
934 2419 1138 2463 iiberhaupt
1168 2419 1246 2453 eine
1278 2419 1439 2454 italische
1471 2418 1560 2454 oder
1589 2418 1812 2463 griechische

324 2477 574 2521 Vorstcllung,
605 2476 690 2511 dass
721 2477 776 2510 ein
809 2476 1032 2510 bestimmter
1056 2476 1144 2510 Gott
1173 2475 1425 2519 niedersteigt,
1457 2475 1515 2510 die
1541 2475 1684 2510 Gestalt
1713 2475 1812 2511 eines

323 2533 517 2568 Menschcn
545 2533 715 2567 annimmt
743 2532 817 2566 und
842 2532 935 2567 dann
960 2533 1052 2567 nach
1077 2533 1318 2576 Entsiihnung
1342 2532 1407 2567 der
1430 2531 1528 2566 Erde
1553 2542 1631 2566 zum
1657 2531 1813 2566 Himmel

323 2589 588 2625 zuriickkehrt‘?
597 2590 604 2605 ⁷

436 2659 464 2702 ²)
490 2658 735 2693 Reitzenstein
760 2657 780 2691 l.
796 2668 824 2691 c.
850 2668 884 2701 p.
904 2660 962 2691 177
989 2657 1069 2691 adn.
1086 2661 1119 2692 1:
1151 2656 1240 2691 ‘Auf
1260 2657 1331 2692 den
1355 2656 1484 2691 Kaiser
1507 2656 1553 2690 ist
1577 2655 1713 2691 bereits
1737 2655 1811 2690 hin-

324 2715 516 2760 gedeutet,
547 2715 678 2749 soweit
706 2714 783 2749 dies
808 2714 843 2748 in
869 2714 950 2748 dem
975 2713 1362 2758 Anschauungskreise
1387 2712 1605 2748 heimischen
1629 2711 1813 2748 Glaubens

325 2771 532 2816 geschehen
556 2770 714 2805 konnte?

437 2839 466 2883 ³)
491 2839 535 2873 H.
553 2838 692 2882 Nissen,
719 2838 940 2873 Orientation
964 2850 999 2883 p.
1018 2842 1093 2873 347.

437 2908 466 2952 ⁴)
492 2906 588 2942 Nihil
614 2906 713 2941 valet
737 2907 770 2941 in
797 2907 1009 2951 quaestione
1035 2907 1169 2942 urbana
1192 2906 1320 2942 titulus
1345 2905 1562 2951 Aegyptius,
1587 2916 1638 2940 nr.
1655 2908 1707 2941 98.
