1992 3261
307 265 389 304 284

308 381 366 417 est
395 390 621 429 progressus
651 380 753 416 ultra
784 378 1100 417 consuetudinem
1128 377 1332 426 Caligulae
1361 380 1398 416 et
1417 379 1595 425 Neronis,
1626 378 1691 427 qui
1720 388 1800 415 non

308 448 433 485 solum
455 447 569 485 certis
591 447 649 485 dis
670 459 710 485 se
733 446 963 496 aequabant,
992 446 1060 484 sed
1082 446 1199 484 etiam
1219 447 1258 483 in
1279 447 1437 484 illorum
1458 445 1592 485 habitu
1613 457 1802 495 apparere

308 515 501 554 solebant.
561 515 790 554 Commodus
832 515 945 553 clm-a
980 526 1060 552 ozon
1095 515 1221 553 solum
1261 515 1388 552 leones
1423 515 1465 552 in
1494 517 1597 553 veste
1625 507 1806 552 muliebri

310 586 347 621 et
376 583 484 631 pelle
525 583 697 628 leonina,
738 583 808 621 secl
847 584 961 620 eiictm
1005 583 1177 621 homines
1211 583 1355 620 multos
1392 583 1539 630 afflixit
1576 581 1672 632 (vita
1703 582 1739 629 9,
1761 582 1803 627 6;

307 651 354 690 cf.
387 651 492 690 Cass.
518 652 593 689 Dio
631 651 777 689 LXXII
799 652 864 698 20,
894 652 953 700 3);
994 651 1034 688 in
1070 650 1352 700 amphitheatro
1393 651 1541 700 potavit
1579 662 1627 688 ex
1662 650 1803 699 poculo

309 720 409 758 sieut
447 721 561 757 clava
595 719 759 758 formato
796 720 917 770 (Cass.
939 720 1014 757 Dio
1044 720 1189 758 LXXII
1210 721 1271 767 18,
1294 720 1351 769 2);
1392 731 1457 757 eos
1487 719 1553 768 qui
1582 719 1622 756 in
1651 718 1804 757 theatro

309 788 472 827 aderant
498 790 646 838 sagittis
674 800 814 827 necare
835 790 994 827 volebat
1024 789 1135 837 quasi
1155 800 1248 826 aves
1269 788 1556 838 Stymphalioas
1587 788 1708 836 (Cass.
1729 787 1804 825 Dio

307 857 454 895 LXXII
481 858 550 904 20,
583 858 635 906 2).
702 857 1024 906 Appellationem
1062 857 1242 895 Herculis
1282 857 1446 895 Romani
1483 859 1679 905 receptam
1719 866 1803 894 esse

307 925 408 963 inter
439 925 671 974 cognomina
699 925 943 975 imperatoris
973 928 1050 963 tres
1078 925 1218 964 docent
1238 925 1337 963 loci:
1370 925 1434 963 vit.
1457 925 1493 971 8,
1517 925 1536 961 1
1556 936 1660 973 sqq.:
1694 922 1803 962 Com-

307 994 446 1032 modus
487 1023 494 1031 .
526 1023 534 1031 .
565 1023 573 1031 .
617 994 840 1042 appellatus
873 996 931 1032 est
958 994 1055 1032 Pius
1095 1023 1102 1031 .
1134 1023 1141 1031 .
1174 1024 1181 1030 .
1224 994 1445 1042 appellatus
1478 995 1536 1031 est
1562 993 1678 1031 Felix
1717 1022 1724 1030 .
1755 1021 1764 1030 .
1795 1022 1804 1030 .

311 1062 534 1110 appellatus
565 1065 623 1101 est
650 1062 910 1101 Britannicus
936 1092 943 1100 .
966 1092 974 1100 .
996 1092 1004 1100 .
1032 1063 1254 1111 appellatus
1285 1065 1343 1101 est
1369 1062 1575 1100 Romanus
1604 1061 1804 1099 Hercules.

309 1130 456 1176 Quibus
502 1143 550 1169 ex
590 1132 808 1169 nominibus
854 1130 988 1169 eodem
1028 1131 1141 1169 modo
1188 1131 1420 1169 enumeratis
1464 1133 1627 1180 apparet
1664 1141 1806 1167 nomen

311 1199 495 1236 Herculis
524 1199 688 1237 Romani
718 1211 796 1237 non
828 1198 980 1237 differre
1012 1212 1034 1236 a
1063 1199 1281 1236 nominibus
1310 1199 1371 1236 Pii
1396 1198 1555 1236 Feliciis
1574 1197 1806 1243 Britannici3

308 1266 346 1304 id
392 1266 496 1315 quod
541 1266 654 1305 docet
697 1268 812 1305 etiam
858 1268 990 1305 titulus
1036 1266 1119 1305 CIL
1156 1267 1246 1305 XIV
1269 1267 1375 1304 3449
1423 1284 1478 1299 z
1521 1267 1674 1304 Dessau
1719 1265 1801 1303 400

308 1335 454 1383 (Treba
479 1335 672 1384 Augusta)
701 1348 709 1373 :
735 1335 835 1383 Imp.
860 1334 966 1373 Caes.
987 1335 1034 1372 L.
1055 1334 1172 1373 Aelio
1199 1334 1363 1373 Aurelio
1394 1334 1598 1373 Commodo
1619 1333 1803 1382 Auyusto

308 1402 563 1453 Saffimastco]
605 1402 836 1441 Germanico
875 1405 1043 1441 maximo
1080 1403 1332 1441 Briticwmico
1374 1399 1664 1456 [p]aca[t]or[i]
1702 1402 1804 1440 orbis

306 1471 435 1509 Felici
445 1471 597 1509 Invicto
611 1471 792 1509 Romano
806 1472 974 1509 Herculi
979 1472 1162 1520 pontifici
1173 1473 1342 1509 maximo
1360 1472 1587 1509 tribuniciae
1592 1471 1805 1518 potestatis

310 1539 513 1588 X[V]IH
538 1541 625 1587 imp.
650 1539 761 1577 VIII
787 1551 860 1578 cos.
885 1540 971 1578 VII
992 1541 1106 1587 patri
1133 1541 1294 1587 patriae
1324 1541 1496 1577 omnium
1525 1540 1712 1576 virtutum
1743 1550 1802 1576 ex-

308 1609 660 1656 superant(issimo)
689 1608 782 1646 ordo
810 1608 1060 1646 decurionum
1089 1607 1484 1657 Commodianorfflm)
1514 1606 1624 1645 HIC
1647 1604 1684 1645 Ο.
1701 1607 1806 1655 Papa·

311 1674 511 1723 Capitonis
533 1676 588 1725 [et
601 1675 665 1725 L.]
689 1676 820 1714 Volcei
837 1676 947 1714 Dlax.
998 1677 1153 1714 Tertius
1174 1677 1282 1714 tostis
1304 1678 1362 1714 est
1383 1676 1549 1725 epistula
1570 1676 1618 1714 ab
1640 1675 1804 1724 impera-

306 1747 390 1781 tore
412 1743 461 1781 ad
482 1747 656 1782 senatum
679 1743 781 1791 data,
804 1745 910 1782 ouius
932 1745 1080 1782 initium
1103 1745 1288 1794 seriptum
1310 1743 1485 1782 videmus
1506 1744 1545 1781 in
1561 1743 1664 1782 libro
1682 1742 1805 1781 Cassii

309 1812 444 1850 Dionis
484 1813 644 1861 (LXXII
671 1813 737 1859 15,
766 1812 826 1862 5):
869 1805 1174 1865 Αὖτοκριὶτοορ
1217 1812 1383 1864 Καῖσαρ
1420 1806 1615 1858 Λούκιος
1651 1808 1804 1858 Αἴλιος

309 1872 534 1932 Αὐρήλιος
556 1875 792 1932 Κόμμοδος
809 1874 1070 1932 Αὔγουστος
1092 1875 1280 1934 Ειῗσεβὴς
1301 1873 1504 1932 Εὐτυχὴς
1521 1873 1804 1932 Σαρματικὸς

313 1944 581 2000 Γερμανικὸς
597 1947 799 2001 μέγιστος
816 1943 1128 2000 Βρεττανικὸς,
1151 1943 1433 2002 εἰρηιιόποιὸς
1448 1947 1524 2003 τῆς
1541 1945 1804 2000 οἰκουμένης

309 2013 532 2069 ἀνίκητος,
562 2013 768 2068 Ῥωμαῖος
787 2014 1012 2069 Ἡρακλῆς,
1046 2010 1281 2069 ἀρχιερεύς,
1313 2016 1577 2071 δημαρχικῆς
1607 2013 1804 2066 ἐξουσίας

309 2079 360 2124 τὸ
406 2081 805 2133 ὀκτωκαιδέκατον,
858 2081 1154 2138 αὐτοκράτωρ
1205 2080 1256 2124 τὸ
1306 2078 1482 2138 ὄγδοον,
1536 2078 1706 2131 ὕπατος
1751 2077 1802 2123 τὸ

310 2147 513 2205 ἕβδομον,
555 2148 701 2205 πατὴρ
741 2152 957 2204 πατρίδος
996 2149 1186 2200 ὑπάτοις
1223 2159 1484 2207 στρατηγοῖς
1523 2151 1803 2206 δημαρχικοῖς

311 2219 518 2274 γερουσίᾳ
545 2219 830 2272 Κομμοὸιαυῖ]
861 2214 1034 2273 dtuli-Z
1059 2220 1240 2274 χαίρειν.
1292 2221 1438 2268 Quibus
1465 2233 1549 2260 cum
1574 2221 1803 2259 testimoniis

311 2289 545 2326 conveniunt
575 2290 733 2335 nummi3
764 2290 803 2326 in
835 2290 890 2327 eis
922 2291 987 2338 qui
1018 2290 1221 2328 tribunicia
1251 2293 1442 2339 potestate
1472 2289 1563 2327 XVI
1595 2289 1675 2327 cusi
1705 2291 1803 2335 sunt,

312 2355 540 2394 Commodus
589 2355 744 2405 fingitur
794 2356 843 2394 ad
894 2358 1062 2406 speeiem
1111 2358 1292 2395 Herculis
1341 2358 1564 2407 appellatus
1613 2357 1803 2395 Hercules

311 2423 625 2462 Commodianus:

369 2514 501 2554 Cohen
531 2516 587 2553 III
617 2527 653 2564 p.
676 2515 757 2553 250
787 2527 845 2553 nr.
870 2516 947 2553 176
966 2527 1068 2565 sqq.:

514 2606 630 2644 Herc.
654 2604 930 2643 Commodiano
960 2618 1003 2654 p.
1024 2618 1072 2643 m.
1098 2609 1140 2644 tr.
1171 2618 1213 2654 p.
1236 2606 1345 2644 XVI
1370 2607 1457 2654 imp.
1486 2605 1596 2643 VIII
1634 2616 1708 2644 cos.
1736 2604 1803 2643 VI.

311 2696 536 2733 Tribunieia
571 2698 762 2745 potestate
793 2696 937 2743 XVIII,
977 2697 1000 2734 i.
1023 2708 1054 2734 e.
1081 2696 1171 2734 inde
1207 2710 1230 2734 a
1259 2697 1295 2735 X
1326 2697 1387 2734 die
1417 2697 1558 2734 mensis
1589 2695 1802 2734 decembris

312 2765 403 2801 anni
443 2765 517 2801 191
557 2776 680 2812 usque
718 2764 768 2801 ad
804 2767 979 2812 mortem,
1020 2776 1133 2813 quem
1171 2765 1264 2803 obiit
1293 2764 1484 2802 Kalendis
1519 2763 1708 2802 Ianuariis
1744 2764 1799 2800 in-

312 2832 508 2879 sequentis
548 2832 653 2880 anni,
694 2832 776 2869 cusi
815 2835 903 2869 sunt
942 2833 1085 2870 nummi
1126 2836 1163 2870 et
1203 2833 1310 2870 aurei
1350 2835 1388 2870 et
1418 2832 1592 2881 argentei
1622 2834 1660 2870 et
1689 2831 1801 2869 aenei

312 2899 460 2947 (Cohen
487 2900 542 2936 III
568 2912 603 2948 p.
621 2900 697 2937 251
733 2911 788 2937 nr.
809 2900 1009 2948 181sqq.),
1045 2901 1109 2948 qui
1141 2901 1188 2938 ab
1220 2901 1343 2938 altera
1372 2903 1480 2949 parte
1510 2899 1682 2948 inscripti
1713 2901 1802 2937 sunt
