1992 3261
1566 263 1645 301 267

217 382 255 418 et
284 392 319 417 v.
341 378 393 417 42
411 391 483 429 sq..
961 435 1172 483 quommzis

297 506 353 543 bis
383 516 496 543 senos
527 506 590 543 cui
616 507 754 543 nostra
784 505 864 542 dies
896 504 1043 542 altaria
1072 504 1241 552 fumant.

270 608 481 645 Nonnullis
526 608 637 645 annis
681 610 768 656 post
782 608 810 655 l)
855 606 956 644 idem
1001 609 1117 655 poeta
1156 605 1370 655 Augustum
1413 606 1549 644 affatus
1591 609 1649 644 est

159 674 219 713 his
248 676 392 713 verbis:

217 767 331 815 Verg.
354 766 491 816 Georg.
516 767 535 803 I
557 767 609 804 24
626 778 723 815 sqq.:

298 857 431 905 Tuque
462 857 570 903 adeo,
602 868 713 904 quem
741 868 830 895 mox
860 868 959 904 quae
988 857 1069 895 sint
1098 856 1282 894 habitura
1313 856 1469 894 deorum

297 926 472 971 eoncilia,
502 926 691 963 incertum
722 928 788 970 est,
817 925 975 963 urbisne
1003 926 1177 970 invisere,
1211 923 1367 969 Caesar,

298 996 562 1041 terrarumque
590 994 686 1032 velis
716 1005 850 1031 euram
881 996 918 1031 et
949 995 982 1030 te
1010 994 1204 1031 maximus
1235 993 1337 1030 orbis

298 1064 493 1099 auctorem
521 1062 682 1110 fruyum
714 1063 1057 1109 tempestatumque
1078 1063 1279 1109 potentem

297 1132 474 1178 accipiat,
506 1131 662 1178 elnqens
690 1132 871 1168 materna
903 1133 1074 1177 tempora
1102 1132 1239 1178 myrto,

298 1210 351 1235 an
382 1198 475 1236 deus
504 1199 682 1236 immensi
709 1198 844 1235 venias
873 1198 996 1235 maris
1027 1209 1073 1235 ac
1105 1200 1173 1235 tua
1201 1200 1350 1235 nautae

295 1267 460 1304 numina
489 1267 577 1304 sola
608 1266 749 1311 colant,
783 1266 852 1303 tibi
881 1267 1026 1303 serviat
1052 1265 1195 1303 ultima
1227 1265 1355 1302 Thule

299 1337 408 1381 teque
437 1335 511 1372 siba·
538 1346 721 1383 qenerum
754 1334 896 1382 Tethys
928 1336 1032 1372 emat
1061 1335 1237 1372 omnibus
1266 1334 1394 1378 undis,

298 1414 400 1440 anne
428 1414 571 1440 novum
604 1403 726 1440 tardis
756 1402 866 1440 siclus
898 1405 932 1439 te
960 1402 1156 1440 mensibus
1187 1402 1325 1446 addas,

299 1482 377 1518 qua
410 1471 515 1509 loeus
544 1470 748 1519 Eriyonen
777 1472 880 1508 inter
910 1471 1114 1517 chelasque
1143 1471 1339 1517 sequentis

289 1539 487 1587 panditur
517 1539 616 1587 (ipse
648 1539 717 1576 aba·
744 1540 826 1576 iam
856 1539 1037 1576 bracchia
1067 1539 1265 1576 contrahit
1294 1538 1436 1576 ardens

297 1608 467 1655 scorpios
499 1610 536 1644 et
565 1607 664 1645 caeli
691 1608 799 1645 iusta
820 1607 917 1655 plus
938 1609 1058 1654 parte
1086 1607 1289 1655 relinquit)
1320 1629 1376 1633 -—

299 1675 489 1722 quidquid
519 1676 593 1713 eris
624 1675 736 1723 (nam
769 1677 803 1713 te
831 1686 902 1713 nec
931 1677 1093 1723 sperant
1123 1675 1295 1712 Tartara
1324 1686 1451 1723 reqem

297 1755 368 1782 nee
400 1744 468 1781 aba·
494 1745 690 1792 reqnanclz'
716 1745 850 1781 veniat
881 1746 960 1782 tam
991 1744 1078 1781 oltra
1109 1744 1257 1791 cupido,

301 1813 477 1859 quamvis
505 1811 668 1860 Elysios
697 1813 859 1849 miretur
891 1810 1059 1849 Graecia
1090 1823 1246 1859 campos

299 1891 369 1918 nee
397 1882 561 1928 repetita
591 1881 701 1928 sequi
730 1883 837 1918 curet
864 1880 1103 1928 Proserpina
1131 1881 1326 1929 matrem),

302 1949 354 1986 cla
383 1949 542 1996 facilem
572 1960 725 1986 cursum
756 1951 873 1996 atque
903 1948 1118 1986 audacibus
1150 1948 1279 1986 adnue
1309 1949 1461 1996 coepas.

164 2038 358 2087 Vergilius
406 2039 523 2086 igitur
573 2049 804 2087 quamquam
854 2049 923 2087 pro
974 2041 1079 2076 certo
1129 2038 1247 2076 habet
1295 2038 1565 2086 imperatorem
1614 2041 1655 2075 ut

165 2117 307 2143 novum
363 2106 476 2144 deum
531 2107 675 2144 cultum
730 2106 794 2152 iri,
850 2109 980 2143 tamen
1033 2107 1073 2143 in
1129 2105 1243 2144 dubio
1292 2105 1474 2152 haesitat,
1529 2109 1654 2143 utrum

165 2173 364 2222 Augustus
413 2173 673 2211 numerandus
721 2174 770 2211 eit
816 2174 917 2211 inter
964 2174 1123 2211 numina
1172 2178 1298 2212 terrae
1348 2186 1398 2211 an
1447 2174 1560 2211 maris
1606 2186 1655 2210 an

165 2241 350 2289 siderum,
387 2253 485 2290 quae
521 2242 716 2279 mensibus
751 2241 939 2290 praebent
974 2242 1147 2288 nomina3
1184 2254 1272 2279 nam
1309 2245 1350 2279 ut
1385 2241 1531 2279 inferus
1562 2241 1655 2278 deus

166 2309 232 2347 fiat
263 2310 375 2347 nullo
406 2309 519 2347 modo
550 2308 633 2347 fieri
662 2321 786 2358 posse.
920 2360 921 2363 Ἴ

280 2378 324 2416 R.
344 2378 604 2416 Reitzenstein
618 2378 648 2425 2)
685 2376 781 2415 haec
811 2377 931 2414 verba
960 2377 1154 2426 pertinere
1185 2378 1363 2426 opinatur
1394 2377 1443 2415 ad
1475 2377 1586 2415 deum
1617 2377 1655 2413 in

167 2446 325 2484 orientis
374 2445 595 2494 regionibus
641 2446 784 2483 cultum
829 2444 959 2493 ibique
1000 2437 1190 2497 Ἀγαθὸν
1236 2443 1422 2497 δαίμονα
1468 2448 1655 2482 vocatum.

169 2512 243 2559 Qui
279 2513 372 2551 deus
404 2526 427 2551 a
457 2513 616 2552 Graecis
647 2512 837 2550 Mercurio
873 2516 1060 2561 aequatus
1096 2514 1393 2562 appellatusque
1430 2516 1468 2551 et
1497 2523 1657 2563 κοσμο-

167 2575 346 2633 κράτωρ
392 2584 431 2619 et
475 2573 854 2631 θαλασσοκράτωρ
900 2583 937 2618 et
977 2574 1101 2619 Αἰών
1142 2583 1180 2618 et
1220 2575 1320 2634 Μήυ
1360 2581 1400 2617 in
1441 2583 1579 2627 terras,
1624 2579 1655 2616 si

167 2649 459 2687 Reitzensteinii
497 2648 726 2686 sententiam
767 2647 953 2695 sequeris,
993 2647 1194 2686 deseendit
1232 2650 1274 2685 ut
1313 2647 1422 2686 fieret
1456 2642 1657 2696 βασιλεὺς

168 2711 330 2768 σωτήρ,
360 2715 539 2764 idemque
570 2716 617 2754 ab
648 2715 809 2753 Horatio
839 2715 1085 2763 imploratur:

283 2849 312 2892 ¹)
335 2848 442 2883 Anno
466 2847 542 2883 fere
567 2850 620 2882 36.

283 2905 312 2949 2)
337 2904 571 2940 Poimandres
594 2915 628 2948 p.
648 2907 711 2938 284
725 2913 777 2948 sq.

1393 2969 1453 3004 18*
