1992 3261
1599 243 1680 280 289

301 357 344 393 In
385 357 467 394 iure
506 356 668 394 iurando
709 368 923 405 cognomen
959 356 1123 405 primum
1164 357 1332 395 occurrit
1366 357 1404 393 in
1441 368 1592 406 papyro
1634 369 1681 394 ex

189 424 404 474 Socnopaei
433 425 561 462 insula
591 425 711 474 petita
742 427 779 462 et
809 425 920 462 annis
952 422 1022 475 5]ss
1053 436 1090 473 p.
1112 423 1199 462 Chr.
1230 425 1451 474 conscripta

244 536 317 567 nr.
340 525 365 566 5
388 545 441 558 =
463 527 562 566 CPR
591 527 609 564 I
631 527 730 564 224:

392 610 544 670 ὀμνύω
567 619 592 668 [.
614 650 621 657 .
643 618 668 667 ,]
687 609 1014 670 Ατῗτοκράτορα
1035 617 1148 657 θεοῦ
1170 611 1269 657 υἱὸν
1289 615 1369 657 Δία
1385 609 1681 670 Ἐλευθέριον.

187 720 232 757 In
253 720 397 758 iuribus
422 720 595 758 iurandis
627 732 842 769 cognomen
873 721 987 757 etiam
1007 720 1187 769 Augusto
1218 722 1366 758 mortuo
1397 732 1475 757 non
1504 721 1683 758 omissum

189 800 273 826 esse
315 788 429 826 docet
463 800 634 837 papyrus
665 788 735 827 Ox.
758 789 850 837 Pap.
873 788 1024 835 11253‚
1064 789 1102 825 in
1134 800 1210 837 qua
1244 788 1302 825 ius
1333 788 1535 826 iurandum
1573 788 1685 826 datur

188 868 257 905 per
287 856 495 904 Tiberium,
528 857 592 905 qui
622 856 729 894 audit
759 855 858 904 νέος
884 851 1101 905 Σεβαστὸς
1130 855 1246 896 θεοῦ
1271 849 1372 903 Διὸς
1398 849 1684 908 Ἐλευθερίου

188 924 420 973 Σεβαστοῦ
451 920 558 972 υἱός.
618 926 755 973 Neque
796 925 909 962 aliter
939 924 1197 973 supplendam
1229 936 1314 963 esse
1345 924 1461 962 aliam
1492 936 1682 974 papyrum

188 991 275 1041 (Ox.
295 993 389 1041 Pap.
411 993 448 1030 II
470 993 566 1042 240)
598 994 680 1031 veri
711 993 950 1031 simillimum
982 995 1049 1031 est.

302 1071 449 1109 Eodem
470 1073 697 1121 cognomine
714 1073 913 1122 Augustus
935 1073 1162 1121 appellatur
1181 1072 1221 1109 in
1242 1071 1386 1121 oppido
1404 1072 1480 1120 Cys
1500 1071 1683 1121 (Oa1·iae):

245 1184 319 1216 nr.
346 1171 372 1214 6
393 1193 447 1205 =
470 1175 574 1212 Bull.
596 1187 692 1214 corr.
713 1174 808 1213 hell.
832 1175 887 1212 XI
921 1175 1026 1212 1887
1058 1187 1095 1224 p.
1117 1175 1197 1212 306
1229 1187 1286 1213 nr.
1310 1175 1343 1223 1,
1367 1175 1410 1212 6:

390 1261 533 1317 ἱερεύς
558 1265 642 1305 τοῦ
663 1265 777 1305 θεοῦ
799 1265 1030 1316 Σεβαστοῦ
1054 1264 1124 1305 καὶ
1149 1257 1392 1318 ἀρχηγέτου
1412 1265 1489 1319 τῆς
1509 1261 1684 1313 πόλεως

391 1328 492 1380 Διὸς
523 1327 816 1386 Ἐλευθερίου.

188 1435 287 1482 Quin
328 1436 538 1486 imperaror
576 1437 658 1485 ipse
689 1437 842 1474 nomine
873 1437 976 1474 Iovis
1008 1435 1224 1474 Eleutherii
1263 1437 1311 1474 sit
1341 1437 1578 1485 appellatus,
1618 1436 1684 1473 vix

189 1504 356 1542 dubitari
387 1507 529 1553 potest-5
566 1517 676 1553 „nam
707 1505 738 1542 si
769 1505 930 1543 duorum
962 1505 1131 1553 deorum⁷
1161 1505 1329 1553 Augusti
1356 1507 1393 1542 et
1413 1505 1527 1552 Iovis,
1558 1516 1684 1543 sacer-

189 1572 295 1610 dotia
331 1571 653 1621 significarentur,
695 1575 798 1611 certe
835 1575 924 1611 ante
958 1566 1198 1626 ἀρχηγέτου
1235 1573 1420 1611 articulus
1450 1572 1684 1622 repetendus

187 1640 281 1678 fuit“
317 1641 392 1688 (W.
415 1641 690 1690 Dittenberger
720 1641 769 1678 ad
801 1640 889 1679 OGI
921 1642 1030 1691 427).

302 1721 408 1758 Nero
440 1732 595 1769 quoque
627 1733 712 1758 cum
734 1721 904 1760 Graecos
925 1721 1109 1759 libertate
1141 1721 1374 1767 donavisset,
1406 1721 1560 1758 nomine
1580 1721 1684 1758 Iovis

190 1787 405 1826 Eleutherii
449 1791 610 1826 vocatus
656 1791 724 1827 est.
792 1790 947 1827 Titulus
991 1790 1030 1826 in
1074 1790 1203 1827 lucem
1250 1789 1394 1838 prodiit
1437 1788 1684 1838 Acraephiae

189 1857 382 1904 Boeotiae,
414 1868 460 1894 ex
492 1868 566 1905 quo
597 1858 849 1906 perspicimus
881 1857 1072 1906 quomodo
1104 1857 1208 1896 facta
1239 1858 1286 1895 sit
1316 1858 1514 1906 aequatio:

246 1967 319 1999 ΠΥ.
346 1956 365 1997 7
390 1975 443 1991 =
465 1959 518 1997 IG
539 1959 613 1997 VII
635 1960 744 1996 2713
768 1978 821 1991 =
843 1960 936 1998 Ditt.
958 1960 1083 2008 Sy11.2
1105 1960 1184 1997 376
1208 1979 1261 1991 =
1283 1961 1433 1998 Dessau
1464 1959 1594 1998 8794:

393 2056 545 2115 ἐπειδὴ
583 2057 606 2101 o‘
640 2061 724 2101 τοῦ
763 2057 932 2109 παντὸς
972 2057 1140 2115 κόσμου
1177 2058 1334 2114 κύριος
1365 2060 1523 2114 Νέρων
1555 2054 1686 2100 αυτο-

394 2122 572 2181 κράτωρ
614 2127 814 2181 μέγιστος
856 2128 1119 2184 δημαρχικῆς
1159 2127 1358 2181 ἐξουσίας
1397 2124 1450 2169 τὸ
1492 2139 1685 2182 τρισκαι-

396 2195 582 2236 δέκατον
614 2190 981 2250 ἀποδεδειγμένος
1011 2193 1157 2253 πατηρ
1187 2196 1403 2251 πατρίδος
1426 2196 1521 2245 νέος
1534 2191 1684 2245 (Ἡλιος

394 2261 645 2317 ἐπιλάμψας
695 2272 788 2314 τοῖς
830 2259 1032 2320 Ἕλλησιν
1077 2265 1395 2320 προειρημένος
1439 2263 1686 2318 εὐεργετεῖν

394 2327 474 2387 τὴν
491 2329 682 2374 Ἑλλάδα
713 2330 999 2387 (ἕμειβόμενος
1031 2333 1077 2375 δὲ
1107 2333 1181 2374 καὶ
1208 2328 1402 2385 εὐσεβῶν
1423 2330 1529 2382 τοὺς
1550 2329 1685 2382 θεοὺς

395 2399 519 2455 ἡμῶν
559 2401 970 2454 παριστανομένους
1012 2395 1133 2456 αυτῷ
1162 2399 1357 2443 πάντοτε
1389 2400 1459 2442 ἐπὶ
1492 2401 1687 2456 προνοίᾳ

394 2469 465 2509 καὶ
499 2469 708 2524 σωτηρίᾳ,
739 2465 820 2523 τὴν
853 2465 940 2510 ἀπὸ
972 2467 1142 2519 παντὸς
1171 2471 1255 2511 τοῦ
1284 2468 1446 2518 αἰῶνος
1472 2464 1686 2524 αὖθιγενῆ

393 2536 467 2576 καὶ
508 2530 765 2589 αὐτόχθονα
807 2534 1068 2590 ἐλευθερίαν
1106 2534 1330 2591 πρότερον
1367 2530 1685 2590 ἀφαιρεθεῖσαν

395 2605 488 2645 τῶν
518 2600 748 2659 Ἑλλήνων
781 2599 839 2652 εἷς
870 2604 943 2645 καὶ
972 2602 1109 2658 μόνος
1139 2607 1232 2646 τῶν
1263 2598 1339 2646 ἀπ’
1362 2603 1523 2652 αἰῶνος
1553 2602 1685 2644 αύτο-

396 2668 573 2726 κράτωρ
605 2672 807 2725 μέγιστος
838 2672 1054 2727 φιλέλλην
1083 2670 1319 2727 γενόμενος
1356 2673 1546 2725 [Νέρων]
1578 2668 1685 2720 Ζευς

394 2734 667 2794 Ἐλευθέριος
695 2738 861 2781 ἔδωκεν
888 2738 1118 2794 ἐχαρίσατο
1146 2735 1505 2794 ἀποκατέστησεν
1527 2738 1585 2787 εἰς
1606 2737 1686 2795 τὴν

396 2801 663 2862 ἀρχαιότητα
684 2809 763 2862 τῆς
786 2805 1052 2861 αὐτονομίας
1074 2808 1148 2849 καὶ
1170 2808 1439 2860 ἐλευθερίας,
1469 2807 1685 2861 προσθεὶς

395 2876 449 2927 τῇ
469 2874 636 2929 μεγάλη
661 2876 734 2916 καὶ
764 2873 1093 2931 ἀπροσδοκήτῳ
1116 2875 1260 2933 δωρεᾷ
1287 2876 1359 2917 καὶ
1383 2869 1683 2928 ἀνεισφορίαν,
