1992 3261
1590 224 1670 262 285

380 335 427 374 L.
458 334 545 374 Aez.
581 334 717 375 Aurel.
756 334 897 374 Comm.
932 334 1037 385 Any.
1072 336 1117 374 P.
1152 336 1238 374 Fez.
1278 335 1525 387 (Commodus
1566 338 1672 386 polle

719 404 879 442 leonina
910 405 1083 453 ornatus)

178 495 226 534 ab
256 495 381 533 altera
411 497 478 533 aut
507 496 581 544 (nr.
601 495 675 533 181
692 496 807 544 sqq.):

380 574 497 613 Herc.
518 575 629 613 Rom.
653 575 760 614 cond.
789 586 862 614 cos.
886 575 972 613 VII
994 586 1093 623 122³·
1124 574 1372 624 (Commodus
1408 574 1457 613 ad
1492 575 1672 614 Herculis

719 643 887 692 speciem
918 642 1044 691 fictus)

177 723 244 760 aut
273 722 344 771 (nr.
366 721 476 772 187):

379 801 545 839 Herculi
575 800 780 840 Commodo
810 799 914 851 Amy.
946 802 1092 851 (olava)

176 895 241 931 aut
271 893 343 943 (nr.
368 894 446 931 188
462 895 581 942 sqq.):

379 973 545 1011 Herculi
581 973 762 1012 Romano
801 972 984 1023 Auyusto
1029 974 1172 1022 (arcus,
1213 974 1342 1020 clava,
1382 972 1566 1022 pharetra
1605 975 1669 1010 aut

718 1042 833 1080 olava
862 1042 947 1080 sola
977 1044 1042 1079 aut
1062 1041 1254 1080 Hercules
1285 1043 1351 1079 aut
1371 1039 1600 1079 Commodus
1630 1040 1669 1077 in

717 1110 852 1149 habitu
881 1110 1082 1160 Herculis)

175 1201 369 1240 simillimi
401 1205 489 1241 sunt
510 1203 654 1240 nummi
684 1203 749 1251 qui
769 1203 1016 1241 inveniuntur
1040 1203 1080 1240 in
1106 1202 1186 1241 Cat.
1208 1202 1302 1240 Brit.
1322 1202 1417 1241 Mus.
1438 1202 1545 1240 Rom.
1567 1200 1668 1239 Med.

175 1282 211 1319 p.
233 1270 285 1307 28
303 1281 358 1319 sq.
388 1282 446 1309 nr.
468 1271 519 1308 37
532 1282 615 1320 sqq.

289 1338 511 1387 Cognomen
552 1351 782 1388 quamquam
822 1340 1013 1377 tantulum
1051 1339 1234 1388 temporis
1275 1341 1364 1377 ante
1400 1341 1560 1377 mortem
1597 1338 1669 1376 sibi

175 1406 356 1455 imposuit
392 1406 678 1456 Commodus‚1)
719 1411 848 1446 tamen
887 1419 956 1457 per
994 1410 1114 1446 totum
1153 1407 1353 1456 imperium
1393 1408 1666 1456 pervulgatum

174 1485 258 1512 esse
288 1477 478 1512 testantur
507 1476 650 1513 nummi
680 1475 739 1513 hi:

231 1565 495 1603 Alexandria:
528 1566 607 1604 Cat.
629 1567 722 1604 Brit.
745 1567 839 1605 Mus.
861 1567 979 1604 Alex.
1001 1579 1037 1615 p.
1057 1566 1135 1603 176
1166 1578 1223 1604 nr.
1245 1565 1366 1603 1411:

378 1644 439 1682 A.:
471 1646 520 1685 Λ.
544 1643 643 1685 Am..
666 1637 775 1697 Αὗρ.
800 1646 910 1698 Κομ.
934 1639 1060 1686 Εὐσε.
1082 1645 1155 1685 Σε.
1178 1636 1314 1684 Εὕτυ.

378 1714 438 1751 R:
466 1709 692 1766 Ῥωμαίων
719 1710 927 1766 Ἡρακλέα
964 1713 1209 1762 (Commodus
1239 1714 1280 1750 in
1309 1712 1442 1751 habitu
1472 1713 1666 1761 Herculis)

233 1805 415 1853 Cyzicus:
447 1806 527 1844 Cat.
550 1806 641 1843 Brit.
662 1806 758 1844 Mus.
779 1806 905 1854 Mysia
934 1818 970 1855 p.
993 1806 1042 1843 51
1076 1818 1131 1843 nr.
1155 1805 1234 1842 237
1248 1816 1320 1854 sq.:

380 1877 490 1925 Αὕτ.
534 1885 628 1925 Και.
667 1885 718 1925 Λ.
755 1882 824 1925 Αἰ.
865 1878 948 1925 Αῑῗ.
991 1879 1225 1937 Κόμμοδος
1262 1876 1373 1923 Άντ.
1415 1883 1518 1932 Σεβ.
1561 1876 1664 1923 Εὗσ.

713 1949 925 2005 Ῥωμαῖος
977 1949 1194 2006 (Ηρακλῆς
1259 1951 1506 2001 (Commodus
1558 1952 1664 2000 pelle

713 2022 872 2059 leonina
902 2022 1085 2070 ornatus).

444 2099 630 2148 1mh.·Bl.,
662 2100 725 2139 Gr.
746 2101 796 2139 M.
822 2101 919 2138 170:

378 2172 462 2220 Λῦ.
487 2181 582 2220 Isca.
606 2181 657 2220 A.
680 2171 762 2220 Αὕ.
784 2174 1021 2232 Κόμμοδος
1049 2171 1125 2220 Ev'.
1143 2176 1267 2232 Ῥωμ.
1287 2176 1503 2233 Ἡρακλῆς
1534 2179 1665 2227 (caput

718 2248 916 2288 Commodi
944 2249 1187 2297 laureatum).

231 2341 452 2389 Iuliopolis:
485 2340 565 2379 Cat.
587 2340 680 2380 Brit.
700 2341 796 2378 Mus.
817 2340 972 2388 Bithyn.
993 2352 1029 2389 p.
1050 2340 1127 2377 149
1159 2352 1215 2378 nr.
1238 2341 1261 2377 2
1279 2351 1376 2388 sqq.:

369 2411 420 2459 34.
438 2420 484 2459 K.
501 2419 550 2460 A.
566 2415 661 2459 Αἰλ.
678 2411 787 2471 Αὕρ.
803 2419 912 2471 Κομ.
925 2415 1134 2471 Ἡρακλῆς
1147 2415 1268 2471 Ῥωμ.
1291 2420 1422 2468 (eaput
1439 2417 1663 2466 Commodi).

287 2509 534 2549 Commodum
565 2510 726 2547 Herculi
762 2511 967 2557 aequatum
1003 2510 1102 2547 inter
1131 2509 1311 2558 publicos
1343 2509 1436 2546 deos
1466 2511 1662 2556 receptum

175 2589 257 2616 esse
279 2577 369 2616 inde
390 2581 562 2627 apparet,
594 2577 697 2625 quod
728 2580 882 2615 senatus
913 2572 998 2615 eu‘m
1028 2578 1098 2615 illo
1126 2578 1279 2615 nomine
1300 2577 1455 2614 vocavit
1484 2578 1522 2613 et
1549 2575 1661 2613 deum

174 2645 440 2693 appellavit.2)
501 2645 615 2684 Cuius
651 2645 705 2681 rei
742 2645 850 2682 testis
891 2648 948 2682 est
977 2656 1055 2682 non
1085 2646 1208 2683 solum
1240 2645 1318 2681 vita
1359 2656 1472 2692 quam
1503 2642 1661 2680 laudavi

288 2755 315 2798 ¹)
340 2754 393 2790 Cf.
414 2754 440 2790 Ι.
458 2756 503 2790 M.
521 2755 617 2789 Hessr
641 2754 663 2789 l.
681 2765 710 2788 c.
736 2765 770 2798 p.
789 2756 829 2787 93
843 2764 896 2798 sq.

287 2810 316 2854 ²)
353 2810 406 2846 Cf.
439 2811 621 2846 Wissowa
659 2821 694 2854 p.
728 2813 804 2844 341.
842 2830 886 2834 —
926 2810 1077 2845 Unicum
1116 2813 1304 2854 praeterea
1343 2808 1547 2852 exemplum
1587 2807 1662 2842 vivi

176 2866 402 2910 imperatoris
433 2867 525 2902 inter
557 2866 647 2901 deos
679 2865 845 2910 publicos
877 2866 1016 2911 recepti
1045 2868 1300 2901 commemorat
1324 2865 1488 2909 Tacitus,
1522 2863 1584 2908 qui
1615 2873 1661 2899 ex
