1992 3261
1590 247 1670 284 299

237 367 309 397 nr.
332 354 386 397 38
418 374 469 389 z
503 357 555 396 IG
577 358 650 395 XII
673 359 708 405 2,
732 358 812 395 258
844 376 896 388 =
927 358 1016 396 IGR
1036 359 1090 395 IV
1115 358 1214 395 100:

382 443 571 499 Μάρκον
602 443 798 500 Γράνιον
829 444 953 488 Γαΐω
989 441 1089 487 vion)
1122 444 1340 501 Κάρβωνα
1372 445 1673 502 ’ὖπογυμνασι-

382 510 635 568 αρχήσαυτα
684 514 794 563 θέας
842 511 1067 565 Σεβάστας
1117 511 1328 565 Αἰόλιδος
1378 513 1673 571 Καρποφόρω

380 579 683 636 Ἀγριππεὶνας
716 615 724 622 .
759 615 767 623 .
800 615 829 632 .,

179 676 407 722 quamquam
446 673 491 712 A.
518 674 679 712 Boeckh
715 674 780 723 (ad.
811 674 893 713 CIG
927 674 1053 725 2183)
1090 687 1176 713 eum
1213 677 1413 714 revocavit
1449 676 1499 714 ad
1530 678 1674 727 Agrip-

177 742 307 790 pinam
338 743 532 789 maiorem,
563 754 677 791 quam
707 742 895 780 adulandi
925 755 1042 781 causa
1072 745 1311 793 appellatam
1343 756 1426 782 esse
1456 745 1674 794 Augustam

180 810 354 847 coniecit.
414 810 534 848 Deest
568 811 608 848 in
643 810 716 848 hoc
746 811 859 848 titulo
891 822 1107 859 cognomen
1137 810 1363 860 Βουλαίας
1393 824 1520 862 neque
1552 814 1675 852 minus

178 877 217 914 in
257 879 380 915 altero
420 878 538 916 valde
579 877 706 916 deleto
748 891 833 917 mea
869 882 996 917 autem
1034 880 1228 918 sententia
1265 884 1368 919 certe
1404 880 1454 918 ad
1490 882 1673 919 minorem

178 945 436 995 Agrippinam
466 946 670 984 referendo

235 1058 309 1088 nr.
332 1046 387 1088 39
418 1066 471 1081 =
501 1049 555 1088 IG
576 1049 650 1086 XII
673 1049 707 1097 2,
731 1049 812 1086 210
844 1068 896 1080 =
927 1049 1016 1088 IGR
1037 1050 1092 1088 IV
1115 1051 1184 1088 77:

313 1135 429 1191 ὑπὲρ
463 1170 1091 1181 .................
1096 1141 1110 1190 ]
1139 1139 1264 1180 θέων
1291 1140 1365 1180 καὶ
1387 1136 1675 1195 Αὐτοκράτο-

315 1207 408 1259 [ρος
439 1238 1105 1248 ..................
1109 1209 1122 1258 ]
1160 1208 1268 1257 θέας
1304 1205 1535 1259 Σεβάστας
1571 1205 1676 1251 Αἰό-

316 1273 453 1325 [andeg
474 1273 765 1329 Καρποφόρω
783 1268 1104 1329 Ἀγριππείυας]
1127 1275 1286 1325 παῖδος
1304 1277 1566 1330 Γερμανίκω
1590 1279 1616 1328 [.
1637 1310 1645 1319 .
1665 1311 1673 1318 .

178 1366 418 1416 Quamquam
458 1367 618 1405 Boeckh
658 1368 723 1416 (ad
755 1368 839 1407 CIG
871 1368 957 1406 add.
990 1369 1151 1417 21830)
1192 1370 1392 1407 revocavit
1432 1371 1583 1408 titulum
1625 1370 1675 1408 ad

178 1436 362 1473 minorem
399 1436 675 1485 Agrippinam,
716 1437 840 1474 Paton
882 1448 967 1474 cum
1007 1437 1056 1474 ad
1099 1437 1281 1475 maiorem
1323 1438 1517 1486 pertinere
1554 1441 1674 1487 putat.

179 1504 456 1553 Supplementa
497 1505 576 1542 eius
614 1508 702 1542 sunt
738 1505 856 1542 haec:
898 1500 1265 1557 Αὕτοκράτο[ρος
1296 1503 1419 1545 Γαΐω
1451 1505 1675 1559 Καίσαρας

178 1571 274 1612 θέω
325 1571 588 1625 Γερμανίκω
638 1571 726 1622 καὶ]
778 1572 900 1620 θέας.
981 1573 1088 1619 Quae
1144 1576 1233 1611 sunt
1282 1575 1404 1611 minus
1454 1575 1675 1623 probabilia

177 1644 395 1690 propterea,
427 1640 529 1689 quod
561 1643 599 1678 et
629 1642 729 1678 alter
760 1653 892 1679 versus
923 1642 1093 1690 quinque
1120 1642 1259 1679 litteris
1287 1646 1345 1680 eet
1370 1643 1524 1691 longior
1551 1644 1674 1690 tertio,

177 1709 217 1746 in
255 1721 329 1758 quo
367 1710 638 1758 supplementa
674 1704 899 1759 Aldfflzdog
930 1705 1223 1761 Καρποφόρω
1249 1702 1572 1762 Ἀγριππείιάς]
1604 1724 1674 1760 pro

178 1777 292 1815 certis
322 1777 503 1815 habenda
533 1779 636 1825 sunt⁷
673 1780 711 1815 et
741 1778 963 1826 Agrippina
994 1779 1199 1827 appellata
1230 1781 1287 1816 est
1318 1774 1539 1831 Σεβαστή,
1571 1779 1674 1828 quod

178 1857 392 1893 cognomen
421 1845 460 1882 in
488 1845 631 1882 maiore
659 1858 737 1883 non
765 1846 942 1884 occurrit.
993 1845 1116 1891 Quam
1144 1846 1192 1884 ob
1219 1859 1299 1884 rem
1327 1846 1555 1885 referendus
1582 1847 1675 1885 mihi

178 1913 331 1951 videtur
366 1914 499 1951 titulus
537 1913 587 1951 ad
622 1914 807 1951 minorem
842 1915 1130 1963 imperatorque
1166 1914 1267 1953 filius
1305 1916 1384 1953 eius
1422 1915 1674 1954 Germanicus

179 1992 262 2019 esse
292 1981 408 2019 Nero.

293 2060 351 2097 De
382 2071 513 2107 causa,
551 2072 618 2098 cur
648 2060 871 2109 Agrippina
901 2061 1020 2098 maior
1053 2057 1353 2113 Καρποφόρος
1384 2062 1431 2099 sit
1461 2063 1673 2111 appellata,

179 2127 338 2166 Boeckh
378 2127 443 2176 (ad
474 2127 558 2166 CIG
590 2128 716 2177 2183)
758 2129 957 2166 contendit
996 2141 1137 2167 nomen
1179 2130 1213 2167 ei
1250 2141 1333 2167 esse
1370 2130 1547 2178 inditum,
1588 2143 1672 2168 cum

178 2196 316 2233 Iuliam
343 2195 459 2233 Lesbi
486 2197 700 2244 peperisset
730 2197 838 2245 (Tac.
861 2209 947 2234 ann.
969 2197 1006 2234 II
1030 2197 1110 2245 54).
1161 2197 1348 2246 Georgius
1375 2199 1518 2236 Kaibel
1546 2191 1672 2236 autem

179 2265 368 2312 monet,1)
413 2275 485 2301 nec
525 2267 617 2313 puto
658 2264 774 2311 falso,
821 2260 1126 2316 Καρποφόρου
1166 2277 1243 2303 non
1284 2278 1367 2303 eam
1409 2279 1546 2314 graece
1587 2266 1673 2314 dici,

180 2343 278 2380 quae
310 2331 462 2379 fertilis,
494 2332 560 2370 sed
593 2344 690 2380 quae
720 2332 919 2370 fructifera
946 2333 1128 2371 Romanis
1156 2334 1215 2371 sit.
1265 2335 1518 2372 Fructiferam
1546 2337 1673 2371 autom

179 2411 263 2437 esse
313 2400 442 2447 deam,
492 2412 590 2449 quae
636 2400 826 2438 fructuum
872 2405 1101 2450 proventum
1147 2404 1255 2440 curet
1300 2404 1337 2439 et
1382 2402 1540 2449 efficiat,
1591 2403 1672 2440 sive

180 2468 358 2506 Cererem
407 2469 488 2506 sive
533 2469 692 2506 Terram
738 2471 909 2507 matrem.
983 2469 1078 2506 Mihi
1123 2482 1338 2518 cognomen
1382 2472 1543 2519 petitum
1589 2482 1670 2508 esse

180 2535 334 2573 videtur
370 2548 418 2574 ex
454 2537 559 2574 cultu
594 2537 750 2583 Lesbio,
788 2537 1013 2585 praesertim
1045 2549 1130 2575 cum
1162 2538 1239 2575 alia
1271 2550 1422 2586 quoque
1454 2539 1595 2575 mulier
1626 2550 1671 2575 co

179 2604 400 2652 appelletur
443 2604 496 2642 IG
527 2605 602 2642 XII
634 2607 668 2652 2,
702 2605 780 2641 232
828 2598 852 2643 ό
894 2603 1029 2656 δᾶμος
1070 2602 1323 2657 Ῐ-ἕρχέπολιι.’
1364 2602 1672 2658 Καρπόφορον

185 2670 462 2711 Φιλιππίναυ
497 2668 579 2711 τὰν
617 2672 944 2724 γυμνασίαρχοι)
982 2671 1023 2720 ἐς
1059 2669 1140 2712 τὸν
1178 2671 1331 2713 αἴωιίε.
1402 2674 1560 2711 Praeter
1600 2673 1670 2711 hos

179 2739 288 2776 locos
324 2752 553 2788 quamquam
585 2752 799 2789 cognomen
832 2741 945 2778 Lesbi
977 2753 1052 2777 non
1084 2742 1264 2788 occurrit,
1284 2734 1430 2778 *tamen
1462 2740 1670 2789 frugiferae

295 2884 321 2927 ¹)
346 2883 437 2928 Eph.
464 2894 520 2928 ep.
545 2883 579 2918 II
604 2895 639 2928 p.
662 2887 710 2918 10.

1404 2952 1467 2985 20*
