1992 3261
265 259 345 297 306

264 373 489 421 Magnesiae
520 373 569 411 ad
601 373 796 423 Sipylum:

320 475 394 504 nl'.
415 462 471 505 63
502 483 554 496 =
586 466 771 514 Imh.-Bl.,
802 467 899 515 Lyd.
931 468 983 506 St.
1015 480 1050 517 p.
1072 468 1137 505 89.

265 554 492 602 Cymarum:

322 656 394 686 nr.
417 644 472 686 64
503 665 556 678 =
589 647 668 686 Cat.
700 648 793 686 Brit.
824 649 919 686 Mus.
950 649 1084 687 Aeolis
1115 661 1150 709 p.
1175 649 1255 686 118
1287 662 1343 687 nr.
1371 650 1458 688 130.

263 737 550 776 Alexandriae:

320 838 393 868 nr.
416 826 471 868 65
501 847 554 860 =
587 829 667 868 Cat.
700 831 792 868 Brit.
824 831 917 868 Mus.
949 831 1067 869 Alex.
1098 843 1133 881 p.
1159 832 1210 868 14
1240 844 1296 870 nr.
1321 833 1399 870 108
1418 834 1540 882 sqq.1)

263 920 497 957 Aemoniae:

320 1020 393 1050 nr.
416 1008 472 1049 66
502 1029 554 1041 =
587 1010 667 1048 Cat..
698 1011 790 1048 Brit.
822 1012 917 1049 Mus.
950 1012 1092 1061 Phryg.
1124 1025 1161 1062 p.
1184 1014 1206 1050 9
1239 1025 1294 1050 nr.
1318 1013 1380 1051 35.

263 1101 348 1138 Hoc
392 1101 432 1137 in
477 1101 620 1149 oppido
660 1102 916 1150 Agrippinam
961 1103 1201 1151 appellatam
1246 1115 1329 1142 esse
1371 1105 1577 1142 Eubosiam
1618 1104 1758 1144 dooere

263 1168 416 1206 videtur
445 1169 598 1206 titulus:

322 1270 392 1300 nr.
415 1258 468 1300 (37
502 1279 554 1291 =
587 1261 672 1300 CIG
705 1262 814 1299 3858
845 1281 898 1293 =
930 1262 984 1300 Le
1016 1263 1091 1300 Bas
1121 1263 1281 1301 111754
1311 1282 1365 1294 =
1395 1263 1485 1302 IGR
1513 1265 1567 1302 IV
1589 1265 1689 1303 654:

470 1383 477 1391 .
504 1384 510 1390 .
536 1384 542 1390 .
576 1348 691 1403 ἱερέα
723 1352 951 1407 Σεβαστῆς
983 1346 1201 1402 Εὐβοσίας
1234 1386 1242 1393 .
1266 1386 1273 1393 .
1298 1386 1305 1393 .

262 1455 362 1491 Nam
394 1465 477 1491 cum
504 1455 639 1491 titulus
666 1456 822 1493 Nerone
848 1456 1062 1505 imperante
1091 1456 1140 1494 sit
1166 1457 1322 1505 positus,
1353 1457 1612 1506 Agrippinam
1640 1457 1756 1507 signi-

263 1521 368 1559 ficari
395 1523 715 1560 verisimillimum
743 1526 811 1571 est,
839 1525 982 1573 quippe
1010 1536 1108 1572 quae
1137 1525 1251 1562 etiam
1272 1525 1311 1562 in
1333 1526 1495 1562 nummis
1517 1524 1566 1562 ad
1588 1526 1755 1574 speciem

263 1590 413 1628 Cereris
443 1589 619 1639 fingatur.

375 1669 420 1706 In
452 1682 604 1708 nummo
637 1671 848 1718 Smyrnaeo

319 1771 391 1800 nr.
413 1758 469 1800 68
499 1779 552 1792 =
584 1761 767 1799 Zeitsc-hr.
799 1762 822 1799 f.
854 1763 1038 1800 Numism.
1069 1763 1199 1800 XVIII
1233 1764 1338 1801 1892
1370 1776 1406 1812 p.
1429 1763 1453 1800 5

262 1852 439 1889 Drusilla
470 1851 558 1889 ficta
588 1855 645 1890 est
674 1854 885 1891 consimilis
916 1853 1012 1891 (leae
1044 1854 1185 1901 Cereri,
1217 1856 1323 1892 cuins
1354 1855 1538 1902 mysteria
1568 1855 1756 1902 Smyrnae

262 1919 365 1957 faeta
401 1932 485 1957 esse
521 1921 662 1958 scimus
694 1933 741 1958 ex
773 1922 884 1958 titulo
916 1922 999 1960 CIG
1032 1923 1140 1960 3194
1178 1919 1203 1976 ἡ
1236 1919 1422 1970 σύνοδος
1452 1922 1544 1962 τῶν
1571 1922 1755 1974 μυστῶν

262 1986 336 2040 τῆς
376 1984 562 2039 Attayrdhse:
598 1988 707 2030 θεᾶς
743 1984 832 2039 πρὸ
868 1986 1040 2036 πόλεως
1076 1986 1366 2043 θεσμοφόρου
1404 1984 1630 2043 Δήμητρος
1668 2022 1676 2031 .
1706 2023 1715 2031 .
1745 2023 1752 2030 .

262 2055 319 2094 Cf.
351 2056 434 2094 CIG
468 2057 573 2093 3211
609 2060 645 2094 et
676 2056 719 2095 O.
742 2058 849 2094 Kern
879 2058 1001 2097 P.-W.
1032 2060 1085 2096 IV
1108 2059 1228 2096 2745.

374 2136 640 2174 Alexandriae
671 2140 826 2185 praeter
852 2138 1109 2186 Agrippinam
1140 2139 1324 2176 minorem
1352 2139 1425 2186 (nr.
1448 2138 1516 2187 65)
1543 2138 1755 2176 Messalina

261 2215 413 2252 quoque
445 2204 494 2241 ad
525 2205 692 2252 speciem
724 2205 873 2243 Cereris
905 2205 1078 2254 fingitur:

319 2305 389 2335 nr.
413 2293 468 2334 69
499 2315 550 2326 >--=
583 2295 664 2333 Cat.
696 2297 790 2335 Brit.
822 2297 915 2334 Mus.
948 2298 1065 2335 Alex.
1098 2310 1132 2346 p.
1156 2300 1178 2335 9
1211 2311 1266 2335 nr.
1290 2299 1393 2347 (59.1)

373 2388 417 2424 In
448 2387 591 2435 oppido
622 2387 738 2435 Bagis
769 2388 948 2436 (Lydiae)
980 2389 1096 2426 Ceres
1127 2388 1243 2426 habet
1273 2390 1420 2426 vultum
1454 2390 1667 2427 Domitiae:

320 2488 391 2518 nr.
415 2476 469 2518 70
499 2497 551 2509 ——-:
583 2478 768 2525 lmh.-B1.‚
800 2479 896 2526 Lyd.
928 2480 978 2517 St.
1010 2492 1046 2528 p.
1068 2480 1119 2516 47
1152 2492 1204 2517 nr.
1231 2482 1266 2518 3.

374 2581 541 2629 Megaris
572 2580 714 2618 Sabina
744 2592 841 2618 uxor
870 2580 1058 2618 Hadriani
1089 2581 1194 2619 audit
1225 2582 1340 2621 Ceres
1369 2583 1410 2619 in
1440 2583 1581 2620 titulis:

317 2682 390 2711 nr.
414 2669 465 2711 71
498 2690 551 2702 =
582 2671 634 2709 IG
666 2672 738 2709 VII
762 2672 810 2708 73
829 2683 905 2719 sq.:

466 2761 691 2810 Σαβεῖναν
721 2760 977 2810 βασίλισσαν
1008 2756 1242 2814 Σεβαστὴν
1275 2760 1378 2802 νέαν
1409 2755 1630 2815 Δήμητρα.

377 2909 402 2950 1)
428 2905 480 2941 Cf.
507 2905 544 2941 Ο.
564 2906 660 2940 Kern
686 2905 799 2940 P.-W.
826 2906 876 2941 IV
895 2908 993 2940 2742.
