1992 3261
308 258 389 294 336

444 371 639 409 Pisidia:
681 372 762 410 Cat.
794 372 886 409 Brit.
918 372 1012 410 Mus.
1042 371 1188 410 Pisidia
1224 384 1259 421 p.
1289 372 1368 410 242
1406 385 1462 411 nr.
1495 373 1556 410 12.
1624 372 1714 412 IGR
1742 373 1801 411 111

513 440 605 478 403.
637 441 729 478 430.

445 521 633 559 Cilicia:
666 521 746 559 Cat.
774 520 867 558 Brit.
896 520 990 558 Mus.
1019 520 1157 558 Cilicia
1188 533 1223 570 p.
1251 522 1326 558 187
1359 533 1416 559 nr.
1442 521 1529 559 150.
1589 520 1678 560 OGI
1708 521 1802 559 574.

444 601 650 638 Insulae:
692 599 871 638 Andrus:
913 599 1007 637 Ath.
1043 600 1139 637 Mitt.
1165 600 1294 638 XVIII
1329 601 1434 638 1893
1466 612 1501 649 p.
1526 601 1588 638 10.
1652 601 1800 639 Tenus:

512 669 615 706 Bull.
648 680 743 706 corr.
775 668 872 706 hell.
892 668 1020 705 XXVI
1055 668 1160 705 1902
1193 680 1229 717 p.
1251 669 1344 708 419.
1395 668 1529 707 Creta:
1560 668 1801 708 1GR1959.

444 748 668 786 Thracia:
700 747 786 787 CIG
817 748 925 786 2021
960 764 1012 780 =
1043 747 1133 787 IGR
1153 748 1171 785 I
1202 748 1293 786 785.

443 829 633 867 Moesia:
666 828 754 867 IGR
775 828 793 864 I
822 828 914 865 607.

308 920 532 968 Cognomen
563 918 736 969 Olympii
777 922 913 968 postea
952 931 1041 957 raro
1078 919 1127 956 ad
1158 920 1258 958 alios
1288 920 1541 969 imperatores
1572 920 1803 958 translatum

308 991 376 1026 cst.
436 987 667 1027 Commodus
698 1000 741 1026 co
774 990 933 1025 ornatur
962 988 1002 1024 in
1032 999 1185 1025 nummo
1217 987 1387 1036 Ephesio

365 1089 436 1118 ιη’.
461 1076 541 1119 142
574 1096 626 1111 =
661 1079 740 1117 Cat.
772 1078 864 1115 Brit.
895 1078 993 1116 Mus.
1022 1078 1136 1116 Jonia
1165 1090 1201 1127 p.
1225 1079 1277 1116 82
1308 1090 1364 1116 nr.
1387 1078 1466 1116 255
1485 1090 1556 1127 sq.:

512 1171 569 1210 M.
593 1163 704 1221 Αύρ.
738 1165 881 1221 Ὀλυμ.
915 1163 1117 1221 Κόμοδος
1148 1170 1280 1218 (caput
1311 1169 1538 1219 Commodi).

307 1261 444 1298 Mirum
476 1263 533 1298 est
563 1259 666 1309 quod
698 1271 913 1309 cognomen
935 1258 1107 1308 Olympii
1138 1262 1226 1298 ante
1258 1272 1399 1298 nomen
1420 1259 1617 1298 Commodi
1637 1260 1803 1309 ponitur.

422 1340 488 1378 Ad
509 1340 751 1379 caracallam
779 1351 993 1388 cognomen
1014 1338 1243 1377 transfertur
1262 1340 1303 1377 in
1322 1340 1434 1378 titulo
1457 1339 1629 1388 Gortyne
1650 1342 1803 1389 roperto

367 1441 437 1471 nr.
463 1428 543 1471 143
574 1450 627 1462 =
659 1432 827 1469 Monum.
858 1430 1000 1468 antich.
1032 1430 1094 1469 dei
1124 1431 1260 1469 Lincci
1280 1431 1411 1469 XVIII
1446 1432 1549 1469 1907
1581 1443 1618 1480 p.
1640 1432 1746 1469 318:

512 1515 836 1574 Αῧτοκράτορα
888 1520 1088 1574 Καίσαρα
1137 1522 1194 1561 M.
1233 1517 1464 1574 Αὔρήλιον
1515 1518 1803 1562 Ἀντωνεῖνου

514 1586 688 1644 Εὔσεβῆ
728 1584 959 1638 ,Σεβαστὸν
1001 1587 1208 1641 μέγιστον
1251 1584 1555 1641 Βρεττανικὸν
1598 1586 1803 1641 μέγιστον

514 1650 795 1709 Γερμανικὸν
823 1655 1030 1710 μέγιστον
1060 1649 1314 1709 Ὀλύμπιοι).

422 1807 595 1855 Longius
632 1806 820 1855 processit
851 1805 1098 1853 Commodus,
1139 1806 1203 1854 qui
1243 1805 1283 1842 in
1322 1806 1407 1854 ipsa
1446 1805 1540 1843 urbe
1577 1805 1699 1843 Roma
1734 1817 1804 1854 pro

309 1875 479 1913 Hercule
520 1876 693 1913 Romano
735 1886 775 1912 se
808 1875 942 1923 gessit,
983 1886 1199 1923 cognomen
1229 1875 1391 1912 nummis
1422 1874 1572 1923 imperii
1601 1874 1805 1923 inscripsit,

309 1956 330 1979 a
371 1946 507 1980 senatu
552 1944 652 1980 inter
698 1942 791 1980 deos
832 1942 1010 1991 publicos
1050 1944 1229 1991 receptus
1270 1946 1338 1980 est.
1407 1941 1463 1980 Cf.
1503 1954 1603 1990 quae
1643 1942 1806 1980 disserui

308 2024 343 2060 p.
371 2012 452 2049 283
469 2023 552 2060 sqq.

422 2148 601 2196 Denique
640 2148 906 2186 Diocletianus
947 2152 983 2185 ct
1021 2148 1275 2185 Maximianus
1316 2159 1523 2196 eorumque
1564 2158 1805 2185 successores

311 2217 541 2266 cognomina
571 2217 764 2254 Ioviorum
797 2220 834 2254 et
864 2217 1134 2256 Herculiorum
1167 2216 1241 2254 sibi
1270 2216 1502 2263 indiderunt,
1534 2216 1671 2265 quibus
1702 2216 1803 2253 Iovis

310 2289 348 2323 ct
388 2285 584 2331 Herculis,
630 2296 725 2332 quos
772 2285 929 2322 comites
970 2296 1059 2322 suos
1102 2284 1408 2333 appellabant‚¹)
1453 2284 1598 2322 similes
1639 2295 1679 2322 sc
1720 2295 1804 2322 esse

309 2353 540 2391 indicavisse
586 2353 677 2390 mihi
722 2353 912 2390 videntur.
982 2353 1087 2391 Lact.
1129 2352 1177 2390 de
1216 2355 1326 2390 mort.
1365 2363 1465 2401 pers,
1496 2352 1547 2389 52
1595 2352 1675 2390 Ubi
1713 2354 1805 2389 suni

312 2421 423 2459 modo
455 2420 665 2469 nzaynficcc-
693 2421 762 2457 illa
794 2423 829 2455 τ’(
855 2421 963 2458 clara
988 2432 1061 2467 per
1085 2423 1217 2467 ,flentcs
1244 2420 1442 2457 Ioviorum
1469 2422 1505 2457 et
1529 2419 1805 2457 Herculiorum

312 2490 558 2538 coynomitza,
601 2500 699 2536 quam
731 2490 905 2535 primumi
946 2501 969 2525 (ι,
1005 2488 1182 2526 Dioclctc
1223 2500 1268 2525 ac
1306 2488 1554 2526 Maximiano
1596 2488 1805 2525 insolenter

313 2559 521 2605 adsumpta
543 2569 588 2595 ccc
600 2557 850 2605 postmodam
875 2558 927 2595 acl
947 2568 1182 2595 successores
1205 2568 1334 2594 eorum
1357 2556 1554 2594 translata
1574 2556 1804 2604 viuum-mci?

312 2627 447 2664 Aurel.
460 2626 558 2665 Vict.
575 2625 683 2664 Caes.
702 2626 765 2671 39,
783 2626 830 2662 18
854 2625 1132 2675 (Mammium)
1146 2628 1287 2672 postca
1311 2625 1443 2662 cultam
1463 2625 1604 2662 aminis
1619 2623 1805 2662 Herculei

312 2697 605 2742 cofflzomcnhcm
637 2694 799 2730 ccc-cessit
827 2695 886 2730 uti
922 2694 1076 2731 Valerio
1107 2693 1269 2731 Ιοϊὶιιυι.
1329 2691 1546 2731 Occurrunt
1576 2692 1805 2740 cognomina

311 2773 500 2816 persaepe
521 2763 560 2799 in
582 2762 743 2799 nummis
771 2761 919 2808 (Cohen
941 2762 992 2798 VI
1023 2773 1058 2810 p.
1081 2761 1161 2798 429
1180 2772 1234 2809 sq.
1264 2772 1320 2798 nr.
1346 2760 1423 2797 142
1440 2771 1496 2809 sq.
1526 2771 1562 2809 p.
1585 2760 1667 2797 480
1693 2771 1749 2797 nr.
1768 2761 1802 2797 7.

425 2906 453 2950 ¹)
477 2905 553 2941 CIL
580 2905 668 2941 VIII
698 2908 811 2941 18230
838 2904 921 2940 Iovi
947 2907 978 2940 et
1004 2904 1156 2941 Herculi
1181 2903 1370 2940 comitibus
1396 2904 1507 2950 impp.
