1992 3261
1584 243 1661 280 301

171 359 466 408 perspiciamus,
497 369 686 406 quaenam
717 356 909 405 aequandi
940 355 1054 395 fuerit
1084 367 1216 404 causa,
1246 358 1376 394 tamen
1407 356 1461 394 eis
1491 367 1586 405 quas
1616 356 1665 394 ad

172 427 345 474 singulos
390 427 498 464 locos
543 426 658 463 attuli
703 425 748 463 de
793 425 916 463 causis
961 424 1180 463 testimonia
1225 423 1300 462 huc
1339 423 1543 462 referenda
1581 435 1665 462 esse

172 494 337 544 probare
386 497 546 532 conatus
590 505 683 532 sum.
757 493 916 530 Ponitur
961 504 1175 541 cognomen
1221 492 1395 530 omnibus
1438 492 1535 530 locis
1579 494 1667 541 post

172 562 328 599 nomina
376 562 619 611 imperatoris
667 563 821 610 praeter
870 560 1004 599 titulos
1050 572 1105 597 nr.
1131 559 1180 597 15
1199 571 1281 608 sqq.
1327 562 1365 597 et
1411 560 1462 596 23
1480 571 1551 608 sq.‚
1601 560 1666 597 ubi

172 629 390 668 nominibus
431 629 642 677 antecedit,
684 631 721 666 et
760 641 817 666 nr.
842 628 891 665 18
909 639 1009 676 sqq.,
1049 628 1089 664 in
1129 628 1267 676 quibus
1309 639 1523 676 cognomen
1563 628 1665 666 Iovis

173 695 346 746 Olympii
376 697 476 735 inter
506 698 661 735 nomina
691 696 858 745 Augusti
887 695 1080 733 inseritur.

675 985 852 1037 Caput
889 976 1164 1037 quartum.

286 1074 330 1111 In
367 1074 446 1110 alio
484 1085 625 1122 genere
663 1071 857 1121 aequandi
893 1073 1013 1109 multo
1051 1072 1203 1121 saepius
1235 1072 1348 1110 obvio
1380 1084 1457 1110 non
1489 1072 1667 1121 epiclesis

171 1142 314 1180 nomini
356 1141 415 1179 dei
455 1141 619 1188 additur,
659 1141 727 1179 sed
768 1141 833 1189 qui
874 1141 1096 1189 aequabant
1137 1143 1356 1189 spectantes
1394 1140 1441 1178 ad
1482 1152 1566 1178 eam
1604 1140 1667 1178 dei

173 1210 409 1259 opinionem,
455 1221 553 1257 quae
599 1211 681 1246 erat
725 1209 888 1246 maxime
930 1209 1106 1257 vulgata,
1153 1220 1238 1246 cum
1278 1208 1438 1246 virtutes
1479 1208 1666 1256 quasdam

172 1278 394 1327 imperatori
444 1280 480 1314 et
529 1276 601 1314 deo
653 1287 874 1315 communes
918 1287 1003 1314 esse
1047 1278 1238 1325 putarent,
1284 1279 1349 1313 aut
1393 1276 1666 1326 imperatorem

172 1357 315 1384 novum
371 1344 484 1383 deum
539 1344 795 1394 appellabant
850 1346 915 1382 aut
964 1344 1151 1394 imagines
1201 1344 1283 1382 eius
1333 1345 1372 1382 in
1421 1344 1555 1382 habitu
1605 1344 1667 1382 dei

173 1413 381 1463 fingebant.

287 1481 526 1530 Quamquam
563 1481 787 1530 saepissime
824 1480 987 1518 vidimus
1022 1481 1293 1530 imperatorem
1326 1492 1410 1519 cum
1441 1481 1533 1518 Iove
1565 1492 1666 1518 com-

173 1552 349 1600 paratum
385 1552 450 1587 aut
485 1561 626 1587 nomen
654 1549 757 1587 Iovis
793 1549 892 1587 inter
929 1549 1160 1598 cognomina
1194 1551 1408 1598 receptum,
1448 1549 1488 1585 in
1519 1548 1667 1586 duobus

172 1621 320 1656 tantum
357 1619 546 1667 exemplis
581 1629 651 1667 pro
688 1629 790 1655 novo
820 1617 915 1655 Iove
951 1616 1173 1666 habetu1·,1)
1214 1628 1375 1665 quorum
1412 1617 1576 1654 alterum
1609 1619 1667 1654 est

172 1697 347 1724 nummus
376 1685 580 1723 Tarsensis

232 1787 304 1817 nr.
325 1774 382 1817 40
410 1795 464 1807 =
495 1776 575 1815 Cat.
606 1776 700 1814 Brit.
729 1777 825 1814 Mus.
856 1775 994 1814 Cilicia
1023 1787 1059 1824 p.
1087 1776 1165 1812 190
1196 1787 1253 1813 nr.
1279 1776 1368 1823 160,

174 1869 212 1905 in
259 1880 334 1917 quo
378 1867 600 1906 Antoninus
639 1867 730 1905 Pius
774 1866 882 1905 fictus
927 1869 987 1904 est
1031 1866 1081 1904 ad
1126 1867 1294 1915 speciem
1339 1866 1459 1913 Iovis,
1503 1866 1665 1903 alterum

174 1936 308 1974 titulus
339 1947 387 1973 ex
417 1935 561 1984 oppido
592 1934 789 1982 Kayadibi
820 1935 972 1984 (Asiae)
1003 1935 1145 1984 petitus

233 2037 303 2067 111⁹.
326 2023 378 2067 41
410 2044 465 2057 =
494 2027 626 2064 Journ.
657 2025 753 2064 hell.
784 2025 881 2064 stud.
912 2026 1004 2063 VIII
1039 2026 1144 2063 1887
1176 2037 1212 2075 p.
1235 2025 1316 2062 264
1347 2037 1403 2063 nr.
1427 2024 1500 2062 54:

379 2117 467 2158 Διεὶ
501 2115 696 2169 Καίσαρι.

178 2209 298 2255 Quem
329 2209 378 2246 ad
409 2209 679 2257 imperatorem
708 2207 900 2256 pertineat
930 2207 1063 2245 titulus
1093 2207 1280 2244 incertum
1313 2207 1420 2255 est.²)

294 2355 320 2398 ¹)
345 2354 400 2388 Ex
417 2352 562 2397 regibus
579 2351 813 2386 hellenisticis
830 2362 933 2386 nemo
951 2351 1030 2387 Iovi
1047 2354 1223 2395 aequatus
1242 2354 1306 2385 est.
1344 2351 1434 2385 Nam
1448 2350 1667 2394 persuadere

177 2412 260 2445 mihi
292 2421 363 2445 non
396 2420 543 2454 possum
568 2408 814 2443 Ptolemaeum
840 2408 875 2442 Il
900 2408 1193 2452 Philadelphum,
1227 2408 1288 2452 qui
1321 2407 1355 2441 in
1388 2417 1532 2441 nummo
1559 2406 1667 2440 habet

178 2477 346 2503 coronam
382 2466 565 2501 fulminum
599 2465 743 2508 (Ηθεὶά2
767 2468 826 2499 851
855 2480 899 2493 =
923 2466 1070 2509 Mowat,
1107 2466 1198 2499 Rev.
1224 2475 1318 2498 num.
1345 2474 1412 2498 scr.
1440 2463 1493 2496 ΙΙΙ
1519 2463 1589 2497 vol.
1616 2462 1666 2496 XI

182 2527 265 2560 1893
290 2535 324 2568 p.
343 2525 414 2568 27),
437 2524 503 2557 hac
527 2533 566 2557 re
590 2522 669 2556 lovi
694 2522 848 2566 aequari,
873 2521 910 2555 id
936 2521 1034 2566 quod
1059 2521 1228 2565 opinatur
1251 2521 1295 2555 R.
1313 2521 1456 2554 Mowat.

289 2593 317 2636 2)
343 2593 398 2626 Ex
422 2591 559 2636 oppido
585 2590 778 2625 Dioshiero
804 2589 974 2634 (Lydiae)
1000 2592 1119 2625 exstat
1143 2599 1308 2624 nummus

224 2671 383 2707 Imh.—Bl.
408 2671 500 2716 Lyd.
526 2671 578 2705 St.
602 2681 635 2714 p.
655 2674 707 2714 (33,
727 2672 764 2703 3:

385 2746 477 2791 Ζεύς
504 2747 634 2795 Νέρων
659 2749 825 2793 Καῖσαρ.

181 2830 260 2864 Hoc
284 2829 365 2864 loco
391 2840 473 2864 num
499 2830 593 2864 Nero
619 2829 665 2863 sit
685 2828 763 2862 Iovi
789 2830 973 2871 aequatus,
999 2827 1107 2862 valde
1133 2826 1278 2861 dubium
1305 2829 1370 2870 ost,
1397 2836 1474 2858 cum
1502 2833 1666 2857 nummus

179 2886 353 2930 praebeat
376 2886 548 2930 imagines
574 2890 610 2920 et
633 2884 782 2919 Neronis
808 2889 844 2918 ct
868 2883 974 2918 Iovis.
