1992 3261
284 267 364 304 316

339 391 410 420 nr.
433 378 489 420 95
522 399 573 411 =
606 381 659 420 IG
691 381 872 419 111444:

485 467 508 512 ὁ
551 469 686 525 δῆμος
724 467 863 512 Γάϊον
902 470 1099 525 Καίσαρα
1134 472 1367 523 Σεβαστοῦ
1405 469 1507 514 υἱὸν
1537 472 1642 514 νέον
1664 467 1774 528 Ἄρη.

280 562 546 601 Conferendus
573 566 630 601 est
655 564 790 601 titulus
811 564 887 601 iam
909 575 1026 613 supra
1055 576 1092 613 p.
1117 565 1197 602 273
1229 564 1409 603 laudatus
1440 565 1493 604 IG
1523 566 1581 603 III
1603 565 1719 603 444a
1748 561 1775 619 ἡ

279 626 420 683 ρόυλή
452 629 527 670 καὶ
558 629 581 671 ὀ
609 630 744 686 ὁῆμος
770 626 907 676 Γάϊον
929 630 1128 685 Καίσαρα
1157 625 1467 685 αὐτοκράτορα
1488 627 1635 687 Ἄρηος
1661 630 1775 674 υἱόν.

279 700 478 738 Secundus
497 700 633 738 titulus
655 702 819 749 scriptus
840 703 899 738 est
919 712 1021 738 anno
1044 701 1067 737 3
1090 701 1154 738 vel
1176 701 1213 748 4,
1241 713 1326 739 eum
1349 701 1388 740 C.
1407 702 1549 740 Caesar
1568 703 1777 751 imperator

278 768 402 806 faetus
439 780 540 806 anno
572 769 595 805 3
636 769 757 818 (Cass.
788 768 862 806 Dio
892 769 960 806 LV
993 770 1041 806 10
1058 781 1091 816 a,
1114 770 1154 818 7)
1185 771 1356 808 mortuus
1387 770 1435 807 sit
1465 781 1566 808 anno
1598 771 1623 807 4
1654 771 1775 819 (Cass.

279 837 353 874 Dio
385 838 410 874 1.
433 838 493 885 o.).
551 838 661 875 Prior
701 838 833 875 titulus
875 850 952 876 non
992 839 1116 876 multo
1152 839 1339 876 vetustior
1369 850 1453 876 esse
1484 839 1652 886 videtur,
1689 851 1775 877 eum

279 906 392 942 Marti
446 906 606 954 aequari
661 906 840 953 nequiret
889 906 1047 953 Caesar,
1102 907 1326 955 priusquam
1376 907 1471 944 belli
1519 907 1656 945 laudes
1703 908 1776 945 Sibi

279 974 504 1022 peperisset.

390 1054 492 1091 Num
533 1053 574 1091 O.
605 1053 746 1092 Caesar
785 1054 964 1102 Mylasae
1004 1067 1157 1104 quoque
1193 1055 1307 1093 Marti
1338 1058 1525 1104 aequatus
1556 1056 1620 1102 sit,
1657 1055 1774 1094 valde

280 1121 436 1159 dubium
468 1125 536 1160 est.

335 1223 407 1253 nr.
429 1210 486 1252 96
518 1232 569 1244 =
602 1214 704 1254 BulL
737 1226 834 1252 corr.
866 1213 962 1252 hell.
983 1215 1058 1252 XII
1094 1215 1198 1252 1888
1229 1227 1265 1264 p.
1290 1215 1352 1262 15,
1370 1215 1406 1252 4.

483 1300 641 1356 {8952}st
687 1305 795 1351 θεᾶς
831 1296 989 1358 Ῥώμης
1030 1304 1102 1344 καὶ
1146 1298 1510 1358 Αὐτοκράτορος]
1553 1304 1774 1359 Καίσαρος

482 1373 713 1422 Σεβαστοῦ
758 1371 832 1413 καὶ
876 1374 952 1428 τῆς
998 1371 1156 1422 Γα[’ίόυ
1202 1365 1388 1413 Ἰουλίου
1434 1372 1772 1427 Καίσαρος...]

481 1442 557 1496 τῆς
602 1437 812 1495 νεότητος
856 1432 1073 1496 ἡγεμόνος
1119 1440 1242 1492 νέο[υ
1279 1437 1422 1494 Ἄρεος
1450 1475 1456 1481 .
1481 1475 1488 1481 .
1514 1443 1538 1492 .]
1579 1440 1654 1482 καὶ
1697 1442 1774 1497 τῆς

480 1508 674 1549 Λευκίου
712 1502 897 1550 Ἰουλίου
929 1509 1168 1562 Kaio-etpost
1204 1510 1284 1563 τῆς
1321 1507 1530 1563 νεότητος
1559 1504 1774 1564 ἡγεμόνος

481 1578 573 1617 τῶν
603 1576 793 1627 τέμνων
824 1575 985 1631 Νείκης
1016 1576 1089 1617 καὶ
1117 1569 1270 1631 (ΕξῃαοτἼ
1302 1577 1375 1618 καὶ
1403 1575 1681 1631 Ἡρακλέ[ους
1702 1609 1710 1618 .
1731 1611 1769 1620 ..

276 1670 593 1718 Supplementum
624 1669 919 1707 incertissimum
951 1672 1020 1710 est.

389 1751 433 1787 In
463 1761 617 1787 nummo
649 1749 785 1798 oppidi
812 1749 1012 1787 Amblada
1034 1749 1235 1799 (Pisidiae)
1259 1749 1355 1789 Geta
1382 1750 1487 1788 audit
1514 1761 1636 1789 novus
1657 1751 1773 1789 Mars.

334 1852 407 1881 lll'.
429 1839 482 1880 97
515 1860 569 1872 =
599 1841 740 1879 Head2
771 1842 873 1879 892:

480 1930 580 1980 νέος
603 1924 727 1985 ’Ἀρης
758 1932 873 1982 (Geta
901 1933 941 1970 in
971 1932 1104 1971 habitu
1134 1933 1294 1981 Martis).

391 2079 503 2117 Haud
535 2080 615 2118 seio
647 2092 695 2117 an
716 2080 915 2128 Augustus
938 2080 1129 2118 Mercurio
1160 2082 1346 2129 aequatus
1378 2081 1425 2118 sit
1450 2079 1675 2128 Tentylide,
1705 2080 1771 2118 ubi

276 2149 461 2197 templum
493 2151 667 2186 ornatum
700 2151 757 2186 est
789 2148 938 2186 duobus
969 2148 1168 2187 ordinibus
1195 2149 1414 2195 imaginum,
1442 2159 1602 2196 quorum
1622 2148 1770 2198 primae

275 2221 363 2254 sunt
404 2217 590 2265 imagines
631 2217 913 2265 imperatorum.
972 2218 1005 2255 J.
1037 2217 1170 2263 Krall,
1208 2217 1365 2255 Wiener
1404 2216 1563 2254 Studien
1589 2216 1624 2254 V
1662 2216 1769 2254 1883

274 2297 310 2333 p.
335 2285 414 2322 315
447 2284 533 2322 adn.
559 2286 592 2321 1.
652 2285 682 2321 Ε
714 2285 851 2332 quibus
883 2285 981 2323 alter
1012 2286 1235 2334 appellatur

333 2386 404 2415 nr.
427 2372 481 2415 98
495 2386 505 2415 ε

478 2467 633 2505 Helonis
663 2467 815 2505 Kaisar
844 2478 951 2513 quem
986 2470 1123 2504 (mecmt
1153 2467 1285 2504 Pthah
1317 2469 1353 2505 et.
1380 2467 1470 2504 Isis.

276 2558 380 2595 Idem
413 2570 626 2606 cognomen
659 2559 721 2595 vel
749 2558 908 2596 Hei-mis
938 2559 1092 2606 saepius
1122 2558 1289 2596 occurrit
1318 2558 1357 2594 in
1389 2557 1523 2595 eodem
1554 2558 1699 2606 templo
1730 2559 1769 2595 et

274 2626 437 2663 fortasse
483 2627 710 2663 translatum
752 2629 809 2663 est
850 2638 898 2663 ex
939 2625 1089 2664 Graeco
1125 2624 1291 2679 Ἑρμῆς.
1352 2625 1600 2674 Simplieibus
1639 2624 1768 2662 verbis

274 2694 426 2731 Kaisar
466 2705 576 2740 quem
617 2696 753 2730 amam
791 2694 921 2730 Pthah
965 2697 1001 2731 et
1035 2694 1114 2732 Isis
1151 2705 1263 2731 nemo
1300 2695 1428 2742 potest
1458 2692 1664 2741 significari
1694 2692 1768 2730 nisi

275 2763 483 2810 Augustus.

388 2841 452 2879 Ad
494 2842 659 2890 speciem
701 2841 880 2878 Mercurii
919 2840 1075 2889 fingitur
1111 2841 1303 2879 Antinous
1345 2851 1430 2878 cum
1466 2840 1505 2877 in
1535 2839 1697 2878 nummis
1728 2841 1766 2878 et

274 2910 540 2947 Alexandrino
