1992 3261
358 207 440 244 270

357 317 639 369 δωδεκάθεος
675 322 905 367 vocabatur;
941 323 982 359 in
1019 334 1096 369 qua
1133 323 1290 360 deorum
1328 323 1561 370 dearumque
1597 324 1732 361 habitu
1768 324 1845 362 dis—

357 390 532 428 cubuisse
571 391 751 428 convivas
794 393 831 428 et
868 391 996 437 ipsum
1025 402 1100 437 pro
1137 389 1324 438 Apolline
1361 393 1543 429 ornatum
1578 403 1659 429 non
1693 390 1848 430 Antoni

356 458 469 496 modo
507 459 696 505 epistulae
731 458 975 507 sinyulorum
1009 460 1171 496 nomina
1208 459 1451 497 amarissime
1488 461 1750 498 enumerantis
1786 471 1845 498 ex-

348 525 553 572 probrant,
585 526 654 563 secl
684 528 721 563 et
748 527 832 563 sine
864 528 1021 563 auctore
1048 527 1245 563 notissimi
1272 535 1426 564 versus:

561 627 646 654 oum
668 617 841 663 primum
870 617 1034 654 istorum
1064 616 1248 654 conduxit
1275 628 1413 655 mensa
1443 617 1653 666 choragum

629 695 769 732 sexque
801 685 890 722 deos
919 685 1020 722 vidit
1047 684 1197 722 Mallia
1227 695 1367 732 sexque
1398 684 1502 730 deas,

562 753 682 800 impia
713 753 804 790 dum
833 753 982 790 Phoebi
1013 751 1159 791 Caesar
1186 753 1393 790 mendacia
1426 753 1534 798 ludit,

629 820 720 858 dum
749 832 852 858 nova
883 821 1058 858 clivorum
1089 823 1203 858 cenat
1233 821 1450 858 adulteria:

561 891 694 927 omnia
723 900 764 927 se
795 901 819 926 a
852 890 963 926 terris
996 890 1086 926 tune
1115 890 1281 926 numina
1312 889 1569 934 declinarunt,

614 954 733 1006 'fuyit
763 960 800 995 et
829 959 991 995 auratos
1019 957 1198 1005 Iuppiter
1226 958 1308 1005 ipse
1340 958 1508 997 thronos.

357 1051 467 1087 auxit
503 1061 618 1087 cenae
655 1060 843 1086 rumorem
878 1060 1031 1086 summa
1065 1051 1152 1086 tune
1182 1049 1224 1086 in
1255 1049 1410 1086 civitate
1432 1050 1604 1096 penuria
1635 1060 1681 1087 ae
1709 1049 1847 1097 fames,

357 1119 700 1164 adclamatumque
740 1120 798 1155 est
827 1117 1041 1164 postridie:
1082 1128 1192 1154 omne
1230 1117 1471 1164 frumentum
1511 1117 1601 1155 cleos
1641 1117 1850 1156 comedisse

358 1189 395 1224 et
426 1185 631 1224 Caesarem
668 1196 748 1223 esse
776 1186 901 1232 plane
930 1183 1157 1232 Apollinem
1191 1185 1260 1222 secl
1292 1185 1500 1223 Tortorem.
1560 1185 1730 1223 Statuam
1761 1196 1848 1222 eum

356 1255 395 1292 in
436 1253 674 1291 bibliotheca
714 1253 785 1290 sibi
824 1253 998 1302 posuisse
1038 1252 1171 1290 habitu
1207 1264 1252 1290 ac
1289 1255 1390 1290 statu
1425 1253 1625 1302 Apollinis
1660 1255 1850 1290 testantur

357 1323 417 1360 Ps.
438 1323 544 1361 Acro
571 1321 622 1359 ad
647 1321 740 1359 Hor.
763 1333 821 1370 ep.
842 1321 861 1358 I
884 1321 919 1367 3,
939 1321 988 1357 17
1017 1323 1056 1358 et
1082 1320 1188 1358 Serv,
1216 1320 1265 1358 ad
1292 1320 1408 1369 Verg.
1429 1322 1499 1359 ecl.
1521 1321 1576 1358 IV
1592 1321 1652 1358 10.
1702 1320 1848 1358 Eodem

356 1392 444 1428 loco
472 1390 627 1428 Servius
658 1389 835 1427 adnotat:
870 1389 1040 1438 Quidam
1070 1389 1142 1427 hoe
1169 1389 1249 1427 loeo
1279 1391 1417 1437 „casta
1441 1389 1533 1437 fave
1556 1388 1725 1434 Imeina,
1758 1391 1848 1429 tuus

356 1460 437 1497 iam
475 1461 617 1507 regnat
649 1456 823 1506 Apollo“
865 1457 1069 1496 Octaviam
1110 1468 1278 1496 sororem
1313 1455 1489 1506 Auqusti
1526 1457 1742 1506 siqnifteari
1777 1457 1847 1495 ad-

355 1528 519 1575 firmant
546 1528 748 1575 ipsumque
777 1525 1003 1575 Auyustum
1032 1524 1270 1574 Apollinem.

470 1653 514 1690 In
545 1651 618 1690 hac
649 1652 830 1700 opinione
857 1652 1056 1700 Augustus
1087 1662 1164 1689 non
1194 1651 1414 1699 permansit,
1445 1649 1514 1688 sed
1544 1650 1707 1699 posteris
1737 1650 1848 1687 annis

358 1732 443 1759 cum
470 1732 548 1758 non
574 1720 823 1769 permitteret,
850 1722 891 1756 ut
916 1719 1027 1757 vivus
1054 1719 1262 1768 imperator
1286 1719 1441 1767 publice
1467 1721 1509 1756 ut
1529 1717 1623 1756 deus
1644 1719 1848 1765 coleretur,

356 1790 395 1826 in
427 1789 507 1826 eius
537 1789 665 1825 locum
697 1787 889 1825 substituit
920 1790 957 1825 et
986 1787 1140 1835 genium
1170 1787 1424 1836 imperatoris,
1456 1798 1569 1835 quem
1599 1787 1699 1825 inter
1728 1786 1849 1824 Lares

358 1857 583 1905 compitales
609 1856 802 1904 recepit,1)
830 1858 867 1893 et
893 1856 1134 1904 imperatoris
1161 1856 1298 1893 mortui
1318 1856 1557 1904 religionem,
1584 1855 1649 1904 qui
1670 1867 1693 1892 a
1713 1857 1848 1893 senatu

358 1928 604 1963 consecratus
634 1926 675 1960 ut
705 1923 814 1961 divus
846 1922 1090 1971 coleret111·.2)
1150 1922 1272 1968 Quam
1304 1923 1352 1961 ob
1382 1935 1461 1961 rem
1493 1935 1619 1972 neque
1649 1925 1848 1972 Augustus

358 2004 483 2041 neque
523 1992 702 2029 Tiberius
746 1994 787 2028 ut
826 1986 1012 2030 σύνναοι
1053 1991 1211 2028 deorum
1250 1990 1386 2029 fierent
1425 1992 1697 2040 permiserunt3
1741 1991 1847 2028 illius

357 2063 521 2098 statuam
545 2060 723 2108 Agrippa
749 2071 833 2097 cum
855 2059 893 2096 in
914 2058 1088 2096 Pantheo
1110 2071 1253 2108 ponere
1274 2060 1313 2096 in
1335 2059 1461 2097 animo
1483 2059 1654 2106 haberet,
1684 2059 1848 2108 impera-

358 2132 441 2167 tore
481 2131 637 2166 vetante
688 2128 727 2165 in
772 2128 965 2165 vestibulo
1009 2128 1152 2176 posuit,
1204 2139 1289 2165 cum
1334 2128 1509 2166 Caesaris
1553 2128 1693 2165 mortui
1736 2127 1848 2165 simu-

358 2198 505 2235 lacrum
535 2197 575 2233 in
606 2195 702 2233 aede
732 2196 816 2245 ipsa
847 2196 1110 2234 collocaretur
1140 2196 1260 2243 (Cass.
1282 2196 1356 2233 Dio
1384 2196 1473 2234 LIII
1495 2197 1559 2244 27,
1577 2196 1634 2245 3);
1670 2196 1848 2234 Tiberius

358 2268 399 2302 ut
430 2267 578 2302 statuae
609 2265 727 2313 ipsius
757 2267 993 2313 ponerentur
1015 2265 1198 2312 permisit
1224 2276 1269 2302 ea
1295 2265 1382 2303 sola
1410 2265 1643 2309 condicione,
1673 2275 1723 2302 ne
1748 2265 1850 2301 inter

359 2334 572 2371 simulacra
604 2334 760 2370 deorum
790 2333 858 2370 secl
887 2334 988 2370 inter
1014 2336 1245 2370 ornamenta
1273 2334 1427 2371 aedium
1446 2335 1688 2380 ponerentur
1712 2332 1848 2380 (verba

359 2405 446 2439 sunt
476 2401 649 2439 Suetonii
679 2401 764 2438 Tib.
788 2401 867 2448 26).
927 2401 1067 2438 Mortui
1103 2404 1229 2439 autem
1259 2402 1425 2450 Augusti
1463 2403 1590 2438 statua
1625 2402 1665 2438 in
1701 2401 1847 2449 templo

359 2470 492 2507 Mart-is
526 2469 670 2507 Ultoris
706 2469 833 2517 posita
869 2471 925 2505 est
961 2469 1058 2505 sicut
1095 2472 1208 2506 antea
1245 2469 1418 2507 Caesaris
1456 2469 1593 2507 mortui
1627 2469 1667 2506 in
1702 2469 1847 2518 templo

359 2538 520 2575 Veneris
552 2537 766 2575 Genetricis
796 2536 916 2584 (Cass.
941 2536 1015 2573 Dio
1046 2537 1169 2574 XLIV
1193 2538 1227 2584 7,
1248 2537 1286 2583 ];
1317 2536 1364 2575 cf.
1387 2537 1488 2577 Suet.
1511 2537 1617 2576 Caes.
1640 2538 1711 2583 88;
1741 2536 1847 2575 Serv.

360 2607 451 2644 Buc.
477 2605 531 2643 IX
554 2606 635 2653 46).

475 2739 502 2782 ¹)
522 2737 814 2773 Vetustissimum
836 2737 1039 2782 exemplum
1061 2738 1218 2773 occurrit
1237 2748 1329 2774 anno
1351 2748 1379 2773 a.
1391 2738 1470 2773 Chr.
1491 2749 1524 2772 n.
1537 2740 1594 2773 12:
1616 2737 1693 2773 CIL
1706 2737 1759 2773 VI
1771 2739 1848 2772 452.

361 2795 412 2831 Cf.
436 2795 699 2838 Gardthausen,
725 2794 914 2839 Augustus
940 2794 1013 2828 und
1038 2794 1137 2830 scine
1162 2795 1239 2830 Zeit
1264 2794 1280 2829 I
1304 2805 1338 2839 p.
1357 2798 1421 2830 928
1435 2804 1488 2838 sq.

474 2852 502 2896 ²)
528 2850 581 2886 Cf.
599 2851 780 2886 Wissowa
803 2861 838 2895 p.
854 2853 906 2885 73.
