1992 3261
1571 227 1648 264 331

161 347 371 385 Victoriam
421 357 537 384 manu
585 344 833 395 portantis,1)
882 342 1046 381 fortasse
1088 342 1200 380 Livia
1248 340 1351 379 hunc
1401 340 1451 379 ad
1500 340 1654 379 modum

162 414 251 454 ficta
281 416 373 454 erat.

275 563 381 600 Inter
410 573 521 600 sacra
552 564 683 599 vetera
714 561 776 598 Ilii
806 562 963 609 recepta
993 558 1146 597 videtur
1176 558 1324 596 Livilla
1354 558 1469 595 Drusi
1500 557 1596 594 filia:

222 674 292 704 ιη’.
318 662 398 704 129
430 681 482 696 =
514 665 568 702 Le
600 665 675 702 Bas
697 664 751 701 III
776 663 882 700 1039
911 680 964 693 =
987 661 1076 700 IGR
1103 661 1156 698 IV
1179 661 1258 698 206
1282 678 1335 691 =
1358 660 1507 698 Dessau
1529 660 1656 697 8787:

366 764 592 806 Ἀντονίαν
613 764 698 818 τὴν
715 762 958 817 ἀδελφιδῆν
973 761 1055 818 τὴν
1072 763 1184 803 θεοῦ
1202 763 1448 813 Σεβαστοῦ,
1469 768 1658 814 γυναῖκα

369 833 415 874 δὲ
455 833 698 888 γενομένην
728 829 929 884 Δρούσου
962 829 1188 871 Κλαυδίου
1228 829 1309 871 τοῖ’
1346 826 1540 880 ἀδελφοῦ
1576 829 1658 869 τοῖ’

369 897 713 954 Αὕτοκράτορος
751 899 945 953 Τιβερίου
983 899 1228 950 Σεβαστοῦ,
1269 895 1433 952 μητέρα
1474 895 1520 938 δὲ
1557 898 1658 949 Γερ-

369 971 557 1023 μανις-εοῗτ
582 968 797 1021 Καίσαρος
820 967 892 1008 καὶ
915 968 1115 1021 Τιβερίου
1140 965 1362 1007 Κλαυδίου
1379 965 1658 1019 Γερμανικοῦ

370 1037 443 1077 καὶ
475 1037 648 1087 Ausim
689 1037 797 1084 θεᾶς
829 1030 1108 1089 Ἀφροδείτης
1139 1027 1424 1087 Ἆγχεισιάδος
1455 1032 1661 1081 πλείστας

371 1106 445 1146 καὶ
483 1105 687 1159 μεγίστας
725 1101 861 1157 α’ρχέις
905 1105 987 1144 τοῦ
1033 1100 1276 1144 θειοτάτου
1322 1101 1477 1156 γένους
1522 1115 1661 1154 παρα-

370 1174 573 1226 σχοῦσαν,
614 1171 767 1214 Φίλων
798 1165 1105 1212 Ἀπολλωνίου
1135 1166 1218 1224 τὴν
1249 1166 1412 1210 ἑαυτοῦ
1444 1163 1558 1210 θεὰν
1589 1167 1662 1208 καὶ

374 1236 596 1295 εὐεργέτιν
628 1238 675 1281 ἑκ
705 1240 799 1280 τῶν
829 1237 970 1280 ἰδίων.

172 1341 261 1386 Θεὰ
288 1337 542 1398 Ἀφροδείτη
572 1335 796 1396 Ἀγχεισιάς
817 1341 1085 1392 intellegenda
1106 1344 1163 1381 est
1184 1342 1315 1380 Venus
1336 1353 1434 1379 uxor
1453 1339 1664 1387 Anchisae,

169 1426 192 1451 a
229 1425 304 1461 qua
336 1413 520 1462 originem
552 1412 660 1450 duxit
690 1423 785 1460 gens
816 1412 927 1449 Iulia.
987 1410 1063 1449 Sed
1093 1409 1181 1448 vide
1214 1421 1311 1458 quae
1342 1409 1390 1447 de
1422 1408 1585 1458 Cagnati
1615 1407 1665 1446 ad

170 1481 273 1520 hune
303 1482 457 1519 titulum
488 1480 738 1519 adnotatione
770 1480 849 1518 dixi
880 1491 996 1528 supra
1025 1491 1061 1528 p.
1083 1479 1175 1516 313.

279 1553 511 1613 Ἀφροδίτη
548 1553 777 1612 Άγχεισιάς
816 1560 881 1597 Ilii
925 1570 1131 1597 occurrens
1176 1570 1285 1596 sacra
1324 1558 1395 1595 illo
1435 1558 1523 1596 loco
1563 1556 1666 1595 facta

170 1630 305 1668 testari
344 1628 517 1676 videtur⁷
558 1640 656 1677 quae
696 1628 772 1665 iam
808 1628 957 1666 liberae
994 1628 1050 1665 rei
1085 1627 1267 1676 publicae
1297 1626 1534 1675 temporibus
1563 1625 1667 1663 facta

172 1709 256 1736 esse
296 1700 468 1748 possunt.
537 1698 636 1735 Nam
675 1697 805 1735 Venus
845 1708 932 1734 cum
972 1698 1074 1734 esset
1113 1707 1198 1734 cum
1238 1694 1413 1733 Anchisa
1452 1695 1667 1741 coniuncta,

172 1778 356 1804 summam
392 1766 714 1803 necessitudinem
746 1777 831 1803 cum
863 1764 1006 1814 oppido
1037 1764 1109 1802 Ilio
1141 1763 1326 1811 habebat,
1363 1775 1477 1811 quam
1509 1762 1556 1801 ob
1587 1774 1666 1800 rem

173 1846 257 1873 eam
288 1834 357 1872 sub
388 1834 541 1871 nomine
568 1826 826 1886 Ἀφροδίτης
852 1824 1137 1885 Ἀγχεισιάδος
1165 1833 1308 1870 cultam
1336 1843 1418 1869 esse
1439 1831 1522 1869 veri
1543 1830 1667 1869 simile

173 1907 241 1941 est.
301 1901 422 1947 Quem
452 1903 492 1939 in
523 1903 667 1940 cultum
696 1901 879 1939 Livillam
910 1903 1106 1950 receptam
1139 1912 1224 1938 esse
1254 1902 1358 1949 puto,
1390 1911 1475 1937 cum
1507 1911 1554 1937 ea
1584 1900 1669 1937 sola

174 1982 223 2009 ex
261 1969 524 2019 compluribus
562 1969 695 2007 domus
725 1969 996 2018 imperatoriae
1028 1967 1246 2007 hominibus
1277 1968 1506 2017 cognomine
1538 1966 1668 2005 divino

174 2039 409 2088 appelletur.

288 2175 466 2213 Drusilla
505 2176 654 2212 mortua
691 2186 713 2211 a
750 2174 930 2222 Caligula
971 2175 1199 2212 consecrata
1238 2167 1430 2219 σύνναος
1465 2171 1538 2210 dea
1567 2171 1670 2210 facta

176 2245 233 2282 est
262 2243 424 2281 Veneris
464 2245 502 2281 et
544 2243 745 2292 appellata
783 2241 969 2280 Panthea.
1039 2241 1143 2280 Cass.
1178 2241 1254 2279 Dio
1289 2240 1379 2278 LIX
1412 2240 1473 2289 11,
1502 2240 1524 2276 2
1566 2235 1670 2291 ἐψη-

157 2309 318 2364 φίσθη
344 2342 351 2350 .
376 2342 416 2350 ..
449 2305 521 2349 ἵνα
544 2342 551 2349 .
576 2342 583 2348 .
609 2341 617 2349 .
650 2307 692 2356 ἐς
727 2304 779 2349 τὸ
817 2306 864 2349 ἐν
905 2309 958 2360 τῇ
1000 2305 1140 2363 ἀγορᾷ
1177 2300 1456 2360 Ἀφροδίσιον
1499 2300 1671 2359 ἄγαλμα

176 2370 309 2433 αὐτῆς
353 2375 640 2431 ἰσομέτρητον
680 2377 744 2430 τῷ
786 2377 863 2432 τῆς
901 2378 1013 2417 θεοῦ
1053 2374 1125 2417 ἐπὶ
1169 2383 1265 2424 ταῖς
1310 2373 1482 2428 ὁμοίαις
1525 2379 1671 2427 τιμαῖς

179 2442 359 2498 ἱερωθῇ.
395 2447 457 2494 11,
480 2447 503 2483 3
535 2441 637 2485 τότε
670 2438 753 2485 οὖν
784 2440 971 2486 Πάνθεα
1001 2439 1269 2497 ω’νομάζετο.

292 2593 459 2631 Athenis
480 2593 720 2631 Hadrianum
748 2593 788 2631 in
809 2594 912 2631 Iovis
939 2592 1152 2632 Eleutherii
1184 2593 1328 2630 cultum
1359 2593 1556 2639 receptum
1588 2601 1672 2628 esse

179 2662 287 2699 testis
308 2663 366 2699 est
385 2661 596 2699 Pausanias
617 2662 635 2698 I
656 2661 692 2710 3,
714 2662 737 2696 2
770 2658 969 2701 ἐνταῦθα
1001 2662 1039 2710 (i.
1061 2673 1093 2699 e.
1115 2654 1234 2711 παρὰ
1255 2659 1307 2710 τῇ
1329 2657 1439 2712 στοᾷ
1459 2655 1673 2711 βασιλείᾳ)

181 2723 334 2781 ἕστηκε
351 2721 458 2776 Ζευς
479 2723 809 2780 ὀνομαζόμενος
830 2721 1107 2781 Ἐλευθέριος
1128 2726 1201 2767 καὶ
1218 2721 1420 2777 βασιλεὺς
1438 2720 1671 2777 Ἀδριανός.

296 2873 324 2917 ¹)
348 2871 401 2907 cf.
426 2871 746 2917 Preller-Robert‚
772 2871 916 2907 Griech.
941 2871 1053 2917 Myth.
1078 2883 1114 2917 p.
1133 2874 1198 2907 216
1210 2881 1290 2916 sqq.

1406 2938 1467 2972 22*
