1992 3261
265 249 344 286 312

263 363 329 400 Ad
360 363 498 400 Iuliam
529 362 753 401 referendus
785 362 938 400 videtur
968 364 1081 401 etiam
1113 365 1268 402 titulus:

321 463 394 492 nr.
419 450 472 492 78
503 472 556 484 =
587 453 677 491 IGR
708 454 761 491 IV
785 453 864 490 257
1196 454 1339 492 Assus:

469 542 653 593 [Λολλία
699 536 923 595 Ἀντιο]χὶς·
965 540 1006 598 [ἡ
1048 539 1176 598 γυ]1’ὴ
1216 541 1242 598 ἡ
1283 542 1504 594 Κο”ι”υ[του
1543 542 1759 594 Λολλίου]

471 611 738 663 Φιλεταίρου
770 611 852 651 τοῖ’
884 607 955 652 dcc}
981 610 1081 660 βίου
1109 609 1257 665 ἱερέως
1282 613 1367 652 τοῦ
1390 612 1621 662 Σεβαστοῦ
1647 612 1760 652 θεοῦ

469 679 691 733 Καίσαρος
738 712 745 720 .
781 712 788 720 .
824 712 831 720 .
877 675 929 720 τὸ
975 680 1202 735 βαλαυῆον
1248 674 1470 734 ἀνέθηκεν
1503 673 1760 732 Άφροόείτῃ

467 743 626 803 Ἰουλίᾳ
655 747 729 788 καὶ
760 748 825 801 τῷ
857 743 991 802 δήμῳ.

265 840 415 889 cagnat
457 851 542 878 cum
581 841 621 877 in
661 840 735 878 hac
776 840 1028 889 inscriptione
1067 843 1146 878 tum
1186 840 1225 877 in
1266 841 1391 878 altera
1430 839 1600 878 indidem
1639 839 1762 889 petita

263 909 353 948 IGR
382 909 434 947 IV
458 909 536 946 256
571 905 593 949 ὁ
627 904 768 961 ἱερεύς
798 908 881 948 τοῦ
913 908 1142 959 Σεβαστοῦ
1173 908 1289 948 θεοῦ
1320 907 1542 958 Καίσαρος
1575 940 1583 948 .
1608 940 1616 948 .
1641 940 1649 948 .
1680 903 1762 962 τὴν

266 972 403 1017 στοὰν
435 973 626 1030 ἀνέθηκε
657 976 752 1030 θεῷ
784 974 969 1028 Καίσαρι
1000 977 1213 1030 Σεβαστῷ
1245 977 1372 1015 verbis
1400 970 1627 1027 Σεβαστὸς
1653 972 1762 1023 θεὸς

265 1046 435 1097 Καῖσαρ
467 1044 673 1094 significari
703 1047 814 1094 putat
843 1045 1059 1094 Tiberium,
1096 1057 1175 1083 non
1204 1048 1310 1083 recte
1341 1046 1488 1095 opinor,
1521 1056 1605 1082 cum
1636 1057 1762 1093 neque

264 1115 418 1152 nomine
447 1113 595 1151 Tiberii
632 1125 764 1151 carere
801 1114 990 1162 possimus
1027 1125 1152 1162 neque
1192 1113 1347 1151 dubium
1385 1114 1448 1161 sit,
1489 1114 1580 1161 quin
1616 1113 1656 1150 in
1686 1112 1761 1150 fine

264 1182 372 1219 tituli
401 1181 490 1220 IGR
520 1182 574 1219 IV
596 1182 675 1219 256
714 1181 833 1219 verba
870 1181 964 1234 θεῷ
998 1180 1186 1234 Καίσαρι
1218 1182 1431 1235 Σεβαστῷ
1462 1182 1681 1231 pertineant
1712 1180 1762 1219 ad

266 1251 504 1299 Augustum3
544 1251 576 1288 si
607 1250 769 1298 Cagnnti
800 1251 1020 1299 opinionem
1052 1262 1311 1298 sequeremur,
1348 1250 1561 1299 putandum
1593 1252 1693 1287 esset
1722 1249 1762 1286 in

266 1319 401 1357 eodem
432 1319 546 1356 titulo
578 1319 705 1356 verbis
738 1313 844 1365 θεὸς
876 1319 1045 1369 Καῖσαρ
1074 1314 1301 1367 Σεβαστός
1333 1321 1369 1355 et
1397 1312 1623 1367 Σεβαστὸς
1653 1313 1762 1364 θεὸς

266 1387 435 1438 Καῖσαρ
472 1386 680 1435 significari
716 1387 969 1436 imperatores
1001 1386 1185 1424 diversos.
1247 1385 1357 1432 Quod
1389 1398 1473 1424 cum
1504 1387 1617 1423 nullo
1648 1385 1762 1423 modo

266 1455 348 1493 fieri
397 1456 568 1504 potuisse
619 1455 796 1503 equidem
849 1467 1047 1502 censeam,
1097 1456 1231 1493 titulos
1281 1455 1407 1492 refero
1453 1454 1502 1492 ad
1547 1455 1762 1503 Augustum

267 1526 418 1562 secutus
447 1524 669 1572 opinionem
698 1524 924 1562 Mommseni
952 1523 1051 1571 (CIL
1080 1523 1138 1561 III
1161 1524 1298 1571 7081).
1347 1523 1484 1561 Verbis
1508 1515 1763 1573 Άφροδείτῃ

266 1583 435 1646 Ἰουλίᾳ
485 1591 693 1641 significari
734 1591 880 1629 Liviam
934 1592 1114 1640 (Cagnat)
1165 1603 1242 1629 non
1293 1594 1349 1630 est
1398 1592 1628 1638 verisimile,
1678 1602 1763 1628 cum

266 1660 530 1698 desideremus
570 1661 877 1709 appellationem
915 1655 1130 1711 Σεβαστή.
1192 1659 1504 1708 Intellegendam
1547 1671 1630 1697 esse
1670 1661 1763 1707 puto

266 1729 422 1775 Iuliam,
463 1740 578 1776 quam
620 1731 657 1766 et
698 1728 811 1766 Lesbi
853 1731 889 1766 et
925 1729 1105 1777 Pergami
1146 1727 1280 1766 audire
1310 1729 1501 1766 Venerem
1541 1739 1657 1776 supra
1698 1726 1761 1764 de·

267 1797 488 1835 monstravi.

381 1865 558 1902 Drusilla
598 1864 862 1913 compluribus
903 1864 1002 1903 locis
1040 1864 1170 1902 Venus
1211 1864 1411 1914 appellata
1451 1866 1518 1902 est.
1583 1859 1764 1916 Άγῶι·ες

269 1935 616 1971 commemorantur
647 1932 797 1980 Cyzici:

327 2022 398 2052 111⁹.
423 2009 476 2052 ’79
508 2031 560 2043 =
592 2011 681 2050 IGR
711 2012 765 2050 IV
791 2012 867 2049 145
901 2030 954 2043 =
986 2012 1078 2050 Ditt.
1111 2012 1234 2059 ΞΝΙΙ.2
1266 2011 1368 2049 365:

560 2123 567 2130 .
615 2087 879 2143 ἐπιτελοῦσῃ
924 2086 1030 2139 τοὺς
1074 2095 1150 2145 τῆς
1196 2091 1304 2138 θεᾶς
1349 2089 1449 2138 νέας
1487 2083 1764 2144 Ἀφροδείτης

474 2158 744 2212 Δρουσίλλης
776 2156 964 2212 ἀγῶνας.

270 2252 477 2289 Praeterea
508 2262 647 2288 nomen
680 2251 847 2288 occurrit
876 2251 1100 2299 Magnesiae
1133 2250 1180 2288 ad
1212 2250 1483 2288 Maeandrum:

327 2341 399 2371 nl'.
421 2327 477 2371 80
507 2349 560 2361 =
590 2331 707 2369 Inscr.
739 2331 866 2378 Magn.
892 2330 990 2369 156:

475 2404 839 2462 A<›]o[‹'·]0[i]22‹1c21
870 2407 975 2448 νέαι)
1007 2404 1122 2449 θεὰν
1147 2402 1439 2462 Ἀαροδείτην.

271 2501 451 2548 Byzantii

330 2590 400 2620 nr.
423 2578 476 2620 Sl
509 2598 562 2610 =
593 2580 766 2617 Mionnet
797 2581 922 2628 suppl.
954 2581 990 2617 11
1021 2592 1057 2628 p.
1081 2579 1159 2617 245
1191 2592 1248 2617 nr.
1271 2580 1367 2616 241:

471 2652 727 2711 Ἀφροδίτας
760 2658 913 2710 Apono.
976 2659 1107 2707 (eaput
1139 2659 1339 2696 Drusillae
1371 2658 1473 2695 stola
1504 2655 1702 2704 velatum.)

272 2781 415 2816 Venere
449 2783 546 2815 esset
577 2780 699 2814 habita
729 2779 822 2814 sicut
854 2780 888 2813 in
921 2779 1026 2814 titulo
1060 2790 1108 2813 nr.
1129 2784 1180 2813 77.
1237 2779 1404 2822 Denique
1436 2788 1480 2812 ne
1513 2777 1605 2812 inter
1635 2777 1763 2811 tertiae

272 2838 415 2881 quidem
455 2837 565 2881 partis
605 2837 771 2880 exempla
809 2846 995 2870 numerare
1034 2836 1120 2870 licet
1160 2836 1318 2880 titulum,
1359 2846 1439 2869 cum
1476 2844 1577 2868 sacra
1613 2833 1763 2868 Veneris

274 2895 475 2928 Genetricis
500 2895 535 2928 in
561 2893 680 2928 Lesbo
705 2892 821 2928 insula
844 2892 966 2927 habita
990 2903 1069 2927 esse
1094 2903 1165 2927 non
1189 2892 1236 2926 sit
1260 2891 1462 2926 verisimile.
