1992 3261
1597 235 1677 271 277

189 354 314 403 (Mart.
341 355 395 392 IV
415 355 452 402 8,
473 355 518 392 11
536 365 608 402 sq.;
638 354 672 392 V
695 354 730 401 6,
749 354 789 399 93
820 352 1038 400 V1199,1;
1079 351 1135 389 IX
1163 350 1232 397 24,
1255 351 1291 387 3.
1330 350 1399 398 28,
1422 351 1445 387 9
1463 361 1518 398 sq.
1556 350 1620 395 36,
1643 349 1678 386 2.

189 423 252 470 91,
271 423 312 469 6;
342 422 435 461 Stat.
457 423 543 461 silv.
560 422 593 459 V
614 423 647 469 1,
666 422 746 470 38),
777 422 899 459 semel
929 420 1012 458 Iovi
1043 420 1117 468 ipsi
1148 419 1417 467 anteponitur:

244 513 339 552 Stat.
365 514 452 551 silv.
478 513 532 551 IV
549 513 586 560 4,
603 513 672 551 58:

392 603 666 654 (Domitianus)
699 614 810 651 quem
841 603 910 641 tibi
930 602 1159 650 posthabito
1189 601 1362 639 studium
1393 603 1449 639 est

934 670 1098 708 coluisse
1130 669 1317 707 Tonante.

301 809 589 858 Imperatrioem
628 809 813 846 Iunonem
855 807 987 845 vocari
1027 806 1111 855 quis
1152 808 1210 844 est
1250 806 1314 854 qui
1354 805 1525 853 miretur,
1568 816 1680 853 prae-

188 877 319 914 sertim
347 889 432 915 cum
460 877 673 926 appellatio
700 876 795 913 Iuno
824 876 910 913 aliis
938 886 1091 924 quoque
1118 875 1215 912 locis
1243 872 1434 922 significet
1461 873 1680 921 eoniugem3

190 943 237 982 of.
265 946 391 982 Plaut.
413 945 498 983 Cas.
521 945 618 982 230:

392 1036 510 1081 Heia,
539 1047 627 1073 mea
657 1034 771 1080 Imzo,
800 1046 881 1072 ozon
912 1034 1019 1072 decet
1048 1045 1128 1072 esse
1161 1036 1195 1071 te
1227 1035 1307 1071 tam
1339 1034 1484 1070 tristem

1209 1104 1272 1139 tuo
1302 1101 1399 1139 Iovi.

190 1195 471 1233 Matrimonium
512 1194 728 1232 Ptolemaei
762 1195 799 1231 II
838 1193 1089 1242 Philadelphi
1131 1196 1167 1231 et
1207 1192 1394 1231 Arsinoes
1437 1194 1681 1240 comparatur

191 1258 294 1315 ἱερῷ
326 1257 452 1315 γάμῳ
483 1263 584 1300 lovis
616 1265 653 1300 et
682 1262 840 1299 Iunonis
871 1274 894 1298 a
924 1261 1132 1299 Theocrito
1163 1260 1289 1310 (XVII
1314 1261 1425 1310 131):

393 1343 479 1393 ὦδε
512 1351 583 1392 καὶ
617 1349 863 1392 ἀθανάτων
893 1347 1008 1404 ἱερὸς
1039 1346 1174 1405 γάμος
1205 1349 1475 1405 ἐξετελέσθη,

395 1412 471 1469 οὓς
501 1419 653 1460 τέκετο
685 1420 893 1473 κρείουσα
920 1416 1009 1460 Ῥέα
1041 1419 1250 1473 βασιλῆας
1281 1412 1521 1472 Ὀλύμπου.

192 1513 248 1552 Of.
275 1514 376 1551 Plut.
405 1512 560 1559 Quaest.
588 1524 699 1550 conv.
725 1513 779 1550 IX
800 1513 887 1559 1,2.

306 1614 546 1664 Quamquam
586 1615 683 1653 haec
725 1615 962 1664 comparatio
1002 1613 1118 1651 valde
1158 1614 1377 1663 propinqua
1416 1616 1514 1661 erat,
1555 1616 1683 1651 tamen

192 1695 269 1722 non
305 1685 378 1721 nisi
414 1684 453 1720 in
490 1683 638 1721 duabus
670 1684 990 1732 imperatricibus,
1026 1682 1140 1719 Livia
1171 1685 1209 1720 et
1238 1682 1423 1730 Domitia,
1460 1681 1682 1719 admittitur.

194 1752 271 1789 illa
301 1752 348 1789 ab
379 1750 519 1790 Ovidio
549 1754 664 1801 poeta
694 1751 789 1789 deae
821 1752 974 1789 nomine
1006 1751 1287 1799 appellatu1·:1)

250 1842 309 1880 Ex
340 1844 462 1881 Ponto
491 1843 549 1880 ΙΙΙ
573 1843 605 1889 1,
627 1843 704 1879 117
718 1853 790 1891 sq.:

399 1945 497 1981 quae
524 1933 681 1971 Veneris
709 1933 881 1981 formam
909 1943 1034 1971 mores
1064 1933 1231 1970 Iunonis
1263 1932 1438 1970 habendo

465 2002 553 2039 sola
584 2003 641 2039 est
671 2001 828 2039 caelesti
858 2001 979 2049 (liqna
1007 2003 1160 2048 reperta
1193 2002 1285 2038 toro.

252 2103 342 2143 ibid.
368 2104 426 2141 III
450 2104 483 2152 1,
506 2103 599 2141 145:

400 2206 486 2232 cum
518 2194 586 2232 tibi
616 2194 818 2242 contigerit
844 2193 995 2231 vultum
1023 2193 1190 2231 Iunonis
1221 2192 1339 2230 adire.

252 2295 356 2334 Fast.
382 2295 401 2333 I
423 2295 502 2333 649
521 2306 592 2344 sq.:

401 2387 502 2425 hane
534 2389 601 2424 tua
632 2386 834 2424 cowstc'tuit
863 2386 1036 2434 genetrioe
1066 2388 1103 2423 et
1130 2385 1242 2423 rebus
1274 2387 1309 2422 et
1340 2396 1413 2422 ανα

472 2456 559 2493 sola
592 2457 672 2492 toro
703 2455 838 2503 maym'
868 2455 988 2503 dz'yna
1018 2456 1169 2502 reperta
1198 2454 1316 2492 Iovis.

198 2558 368 2596 Domitia
398 2557 504 2595 audit
534 2557 629 2595 Iuno
660 2557 699 2594 in
731 2556 898 2594 carmine
930 2556 1057 2594 Statii:

255 2648 347 2686 Silv.
373 2647 430 2685 III
451 2647 488 2695 4,
506 2647 570 2684 18:

400 2738 578 2785 Iuppiter
605 2735 809 2776 Ausonius
831 2737 986 2784 pariter
1012 2736 1272 2783 Romanaque
1300 2735 1414 2773 Iuno.

314 2882 342 2926 ¹)
366 2882 422 2916 De
447 2881 529 2917 loco
554 2881 796 2917 Prudentiano
822 2882 868 2925 (o.
887 2880 1054 2926 Symm.1
1071 2881 1151 2925 251)
1177 2879 1222 2915 ef.
1241 2889 1349 2924 supra
1372 2890 1406 2923 p.
1427 2881 1489 2913 275
1514 2877 1594 2913 adn.
1611 2881 1639 2912 1.
