1992 3261
267 242 346 278 272

267 351 385 402 Διός,
426 349 481 393 τὰ
521 352 563 393 δὲ
609 346 695 393 ἀπὸ
735 349 898 407 μητρὸς
937 350 1157 394 Διονύσου
1195 353 1276 393 τοῗ1
1315 349 1414 401 Διός
1453 358 1491 392 et
1525 353 1757 392 Theocritus

268 423 317 460 ad
353 422 618 460 Alexandrum
659 425 695 461 et
731 424 1000 461 Ptolemaeum
1031 423 1068 460 II
1104 422 1406 471 Philadelphum
1446 425 1626 472 spectans
1666 422 1759 461 dicit

268 491 393 541 (XVII
416 492 467 529 26
485 492 572 540 sq.):

382 584 513 642 ἄμφω
544 587 625 643 γὰρ
655 587 880 644 πρόγονός
912 602 1017 642 σφιν
1047 588 1070 631 ὁ
1103 584 1316 644 καρτερὸς
1343 588 1635 642 Ἡρακλείδας,

382 651 626 711 ἀμφότεροι
659 659 694 699 δ’
729 653 1022 712 ἀριθμεῧυται
1054 657 1095 705 ἐς
1127 656 1312 711 ἔσχατον
1339 656 1569 711 Ἡρακλῆα.

268 761 497 799 Seleucidae
533 774 581 799 ex
610 763 809 810 Apollinis
840 763 1026 811 progenie
1056 774 1096 800 se
1127 766 1237 800 natos
1268 765 1423 810 putasse
1438 763 1467 811 1)
1497 763 1605 800 testis
1636 764 1694 800 est
1722 764 1760 800 et

268 830 434 867 Iustinus
471 830 557 877 (XV
579 830 619 877 4)
657 833 695 867 et
729 831 864 868 titulus
900 831 1042 868 Iliacus
1079 830 1163 869 CIG
1196 830 1305 867 3595
1342 847 1397 862 Ξ
1434 829 1523 869 OGI
1555 831 1652 877 219,
1693 830 1760 879 qui

269 898 420 935 senatui
444 899 670 947 populoque
696 899 890 946 placuisse
917 898 1036 935 tradit
1063 893 1278 948 ,si-'gamem
1305 895 1351 937 δὲ
1375 896 1445 936 καὶ
1469 893 1577 944 τούς
1598 892 1760 944 ἄλλους

270 962 398 1018 ἱερεῖς
433 963 506 1004 καὶ
545 961 700 1017 ἱερείας
730 959 840 1017 μετὰ
869 966 950 1005 τοῦ
983 962 1132 1017 ἱερέως
1162 966 1244 1005 τοῦ
1276 966 1356 1005 τοῦ
1386 964 1600 1013 βασιλέως
1627 959 1760 1005 Avu-

270 1030 379 1086 όχου
418 1033 483 1086 τῷ
522 1047 567 1072 τε
603 1029 849 1073 Ἀπόλλωνι
885 1033 948 1086 τῷ
987 1031 1161 1087 ἄρχηγῷ
1197 1033 1279 1073 τοῦ
1316 1032 1472 1086 γένους
1508 1025 1651 1073 αὐτοῦ
1687 1031 1759 1072 καὶ

270 1101 323 1153 τῇ
348 1100 463 1153 Νίκῃ
493 1100 568 1140 καὶ
598 1102 663 1154 τῷ
695 1100 762 1141 Διὶ
793 1100 865 1140 καὶ
897 1107 990 1147 τοῖς
1020 1095 1170 1149 ἄλλοις
1201 1103 1325 1150 θεοῖς
1352 1101 1459 1141 πᾶσι
1487 1100 1560 1141 καὶ
1585 1097 1759 1149 πάσαις.

383 1170 542 1219 Ephesii
582 1170 631 1207 ad
672 1170 875 1208 Caesarem
915 1171 1196 1208 transtulerunt
1235 1170 1338 1208 hunc
1378 1170 1531 1208 modum
1572 1170 1762 1208 adulandi

269 1238 390 1276 filium
427 1239 560 1275 Martis
597 1242 634 1276 et
670 1239 833 1276 Veneris
870 1250 954 1276 eum
991 1239 1250 1287 appellantes.
1317 1238 1401 1277 OIG
1433 1238 1540 1275 2957
1577 1255 1632 1270 z
1667 1238 1761 1276 Ditt.

271 1307 394 1355 Synst
431 1307 529 1344 347:
590 1304 817 1356 [Ἐφεσίων
861 1302 886 1361 ἡ
927 1302 1065 1358 βουλὴ
1110 1339 1116 1345 .
1152 1339 1158 1345 .
1194 1306 1220 1355 .]
1262 1338 1270 1346 .
1306 1338 1313 1346 .
1348 1338 1355 1345 .
1398 1302 1536 1347 Γάϊον
1574 1300 1761 1347 Ἰούλιον

271 1372 427 1425 Γα’ἰό[υ
468 1370 585 1424 υί]ὁυ
624 1373 826 1426 Καίσαρα
867 1370 948 1414 τὸν
989 1371 1188 1427 ἀρχιερέα
1227 1373 1300 1413 καὶ
1341 1370 1648 1426 αὐτοκράτορα
1689 1372 1762 1414 καὶ

271 1439 322 1483 τὸ
355 1439 563 1495 δεύτερον
592 1436 770 1482 ὕπατοι)
801 1438 880 1482 τὸν
915 1435 1001 1482 ἀπὸ
1026 1438 1179 1495 Ἄρεως
1210 1441 1283 1482 καὶ
1306 1438 1620 1495 Άφροόε[ί]της
1651 1438 1762 1482 θεὸν

272 1509 463 1565 ἐπιφανῆ
495 1510 565 1550 καὶ
597 1506 754 1551 κοινὸν
784 1511 865 1551 τοῦ
897 1509 1194 1563 ἀνθρωπίνου
1226 1509 1325 1560 βίου
1357 1511 1545 1565 σωτῆρα.

386 1580 609 1627 Antonium,
636 1581 728 1618 licet
755 1581 943 1629 originem
969 1579 1204 1618 derivaverit
1229 1580 1276 1617 ab
1298 1581 1455 1618 Antone
1483 1579 1562 1617 filio
1584 1580 1763 1618 Herculis

272 1650 390 1698 (Plut.
411 1649 558 1687 Anton.
585 1649 621 1686 4.
644 1649 730 1697 36),
770 1649 809 1685 in
849 1649 1012 1685 nummis
1052 1660 1204 1697 quoque
1235 1648 1274 1686 id
1303 1648 1496 1686 indicasse
1527 1647 1763 1697 persuadere

272 1717 366 1754 mihi
391 1729 468 1754 non
495 1728 666 1766 possum,
693 1728 819 1765 neque
847 1718 946 1754 enim
973 1717 1012 1753 in
1039 1718 1201 1754 nummis
1231 1717 1295 1764 qui
1317 1716 1549 1754 adhibentur
1575 1715 1724 1763 (Cohen
1744 1716 1762 1753 I

272 1797 308 1834 p.
326 1785 375 1822 51
404 1797 459 1822 nr.
478 1785 570 1833 3sq.
598 1801 653 1816 Ξ
679 1784 853 1822 Babelon
880 1785 897 1821 Ι
927 1797 963 1833 p.
981 1785 1059 1821 168
1074 1796 1128 1832 sq.
1155 1797 1212 1822 nr.
1230 1785 1298 1832 32)
1333 1787 1397 1822 aut
1424 1785 1620 1823 Antonius
1652 1785 1761 1833 pelle

272 1854 430 1890 leonina
466 1856 623 1890 ornatus
659 1855 724 1889 aut
759 1853 878 1901 pellis
915 1858 951 1890 et
989 1853 1103 1890 clava
1139 1856 1358 1899 cernuntur,
1397 1852 1435 1889 id
1473 1851 1576 1900 quod
1613 1851 1761 1890 deside-

273 1921 435 1959 randum
466 1924 549 1958 erat
578 1921 617 1957 in
647 1921 810 1958 nummis
842 1920 908 1969 qui
939 1920 987 1957 ad
1019 1921 1226 1958 Herculem
1254 1923 1484 1969 spectarent,
1516 1920 1584 1958 sed
1610 1920 1763 1957 leonem

274 1990 384 2027 vides
415 1989 666 2037 gradientem,
703 2000 816 2037 quem
847 2000 924 2026 non
955 1988 1068 2026 modo
1100 2000 1176 2025 non
1208 1988 1256 2025 ad
1286 1989 1505 2036 Herculem,
1536 1987 1604 2026 sed
1634 1999 1683 2025 ne
1714 1987 1763 2025 ad

275 2057 469 2095 Bacchum
501 2057 656 2105 quidem
686 2068 838 2094 revoco.

389 2125 424 2163 S.
445 2125 650 2174 Pompeius
681 2138 703 2162 a
733 2125 915 2173 Neptuno
951 2128 1162 2173 prognatus
1200 2136 1284 2162 esse
1322 2125 1394 2162 sibi
1426 2125 1528 2162 visus
1559 2127 1616 2162 est
1645 2124 1763 2173 (App.

275 2195 358 2233 b.c.
379 2195 413 2231 V
436 2194 528 2240 10ος
576 2193 679 2232 Cass.
708 2194 781 2230 Dio
818 2193 983 2230 XLVIII
1012 2194 1072 2241 19,
1097 2194 1141 2238 2;
1186 2193 1289 2230 Plin.
1320 2206 1355 2230 n.
1373 2193 1408 2230 h.
1439 2193 1494 2230 IX
1519 2193 1580 2239 16,
1598 2192 1671 2238 22;
1716 2191 1764 2230 cf.

275 2262 460 2308 Beurlier,
497 2262 619 2308 Essay
650 2273 685 2309 p.
708 2261 756 2297 lO
774 2261 856 2309 sq.).
915 2260 1096 2298 Eiusdem
1134 2260 1196 2298 dei
1233 2265 1270 2298 et
1303 2261 1463 2298 Veneris
1499 2259 1600 2297 filius
1631 2260 1764 2309 appel-

275 2332 379 2367 latus
423 2333 505 2367 erat
551 2330 665 2366 etiam
705 2329 921 2366 Demetrius
963 2329 1203 2366 Poliorcetes
1244 2341 1265 2365 a
1307 2328 1454 2366 Duride
1494 2328 1621 2366 Samio
1661 2327 1765 2376 apud

275 2399 417 2437 Athen.
444 2398 498 2435 IV
527 2410 562 2447 p.
586 2398 664 2435 253
683 2398 717 2435 D
749 2414 803 2429 z
832 2396 938 2435 FHG
968 2397 1005 2434 II
1035 2409 1071 2446 p.
1093 2397 1174 2435 476
1207 2409 1261 2434 nr.
1285 2398 1352 2434 30:

547 2493 583 2540 ὦ
615 2499 699 2539 τοῦ
730 2498 970 2552 κρατίστου
998 2506 1082 2540 παῖ
1110 2499 1391 2546 Ποσειδῶνος
1421 2497 1534 2539 θεοῦ

682 2574 816 2620 χαῖρε,
847 2560 1127 2621 κάφροδίτης.

278 2672 414 2709 Artam
460 2671 560 2708 inter
603 2670 827 2719 Pompeium
874 2672 912 2706 et
954 2670 1175 2719 Neptunum
1221 2669 1489 2708 necessitatem
1534 2667 1638 2706 haud
1682 2668 1764 2706 scio

279 2752 327 2776 an
363 2739 507 2776 nummi
542 2749 694 2786 quoque
729 2740 929 2784 testentur,
972 2750 1131 2786 quorum
1167 2739 1207 2775 in
1241 2738 1329 2774 aliis
1370 2736 1519 2785 (Cohen
1555 2737 1574 2774 I
1608 2749 1645 2785 p.
1667 2736 1763 2784 5sq.

393 2885 421 2928 ¹)
447 2883 500 2919 Cf.
525 2882 686 2918 Beurlier
710 2882 731 2916 l.
747 2893 775 2917 c.
801 2893 835 2926 p.
855 2884 906 2917 86.
