1992 3261
265 271 346 308 320

264 384 593 433 interpretandum
625 387 753 422 monet
780 385 991 422 Antonium
1023 385 1157 422 leone-s
1188 384 1277 432 iugo
1305 383 1521 422 subdidisse
1549 386 1586 422 et
1611 384 1756 422 Romae

264 452 313 489 ad
344 464 496 490 currum
526 453 696 490 iunxisse
732 453 847 501 (Plin.
879 465 914 489 n.
946 452 981 490 h.
1013 452 1104 490 VIII
1128 452 1197 500 55⁷
1239 451 1286 489 of.
1319 452 1396 490 Cio.
1428 451 1477 489 ad
1507 452 1587 490 Att.
1619 452 1654 489 X
1678 452 1757 501 13).

263 521 399 569 Neque
450 524 579 558 tamen
622 521 703 558 iure
750 519 840 558 mihi
885 520 1038 558 videtur
1083 520 1233 569 opinari
1277 520 1490 558 Antonium
1533 519 1572 557 id
1617 520 1757 558 fecisse

262 589 449 626 imitatum
481 588 692 636 Bacchum,
731 600 816 627 cum
854 589 1005 626 nullum
1041 587 1251 627 habeamus
1287 588 1545 626 testimoninm
1581 587 1757 626 indicans

264 657 409 695 Romae
445 668 598 705 quoque
635 668 720 695 eum
757 668 826 706 pro
859 656 1015 695 Baccho
1052 668 1092 695 se
1129 657 1292 705 gessisse
1329 667 1454 704 neque
1491 655 1622 695 dubito
1653 657 1757 705 quin,

264 726 295 763 si
346 725 457 763 deum
502 725 644 762 imitari
688 725 727 762 in
773 725 900 763 animo
945 724 1158 772 habuisset,
1208 725 1326 773 tigres
1371 735 1440 773 pro
1484 724 1662 762 leonibus
1707 723 1757 762 ad.

265 804 416 831 currum
446 793 644 831 iuncturus
674 793 797 831 fuerit.

378 873 472 912 Cum
498 875 555 911 tot
580 872 911 911 hellenistioorum
939 875 1152 922 temporum
1180 885 1292 922 reges
1321 874 1474 911 nomine
1502 873 1593 910 novi
1612 871 1757 911 Bacchi

264 942 389 979 ornati
410 942 496 988 sint,
523 942 659 978 mirum
681 945 749 988 est,
777 941 881 990 quod
901 942 1142 990 imperatoris
1165 942 1199 979 ei
1220 942 1377 990 aequati
1397 953 1445 978 ne
1466 953 1582 978 unum
1604 940 1756 989 quidem

264 1012 389 1047 exstat
428 1010 658 1058 exemplum.
672 1011 698 1058 1)
759 1010 865 1047 Unus
895 1010 1090 1047 Antinous
1127 1009 1176 1047 ad
1212 1010 1381 1058 speciem
1412 1008 1556 1047 Bacchi
1591 1008 1757 1058 fingitur,

322 1110 393 1141 111⁴.
417 1097 496 1140 105
528 1118 581 1131 =
615 1100 860 1138 Dietriohson
890 1102 915 1137 1.
939 1113 969 1138 0.
999 1113 1036 1150 p.
1063 1101 1139 1138 193
1158 1112 1241 1149 sqq.

265 1191 320 1230 Cf.
363 1192 411 1228 K.
439 1190 651 1229 Wernioke
702 1191 830 1229 P.-W.
875 1192 892 1228 Ι
935 1204 971 1241 p.
1004 1191 1125 1229 2441.
1198 1191 1305 1229 Idem
1355 1192 1394 1228 in
1446 1191 1607 1229 nummis
1651 1190 1759 1228 audit

263 1258 437 1307 Iacchus,

322 1360 393 1390 nr.
417 1346 499 1390 106
535 1369 588 1381 =
625 1351 706 1389 Cat.
737 1351 830 1388 Brit.
861 1351 957 1389 Mus.
987 1351 1112 1398 Mysia
1142 1363 1178 1400 p.
1200 1351 1225 1388 4
1256 1363 1312 1388 nr.
1340 1351 1386 1388 13
1425 1369 1477 1381 =
1513 1349 1654 1389 Head2
1676 1350 1752 1387 521

806 1418 1096 1467 Adramyttium
1108 1434 1115 1456 :

461 1502 683 1558 Ἀντίνοος
706 1502 875 1561 Ἴακχος
905 1510 1038 1559 (caput
1068 1511 1257 1559 Antinoi).

321 1611 393 1642 nr.
425 1597 505 1641 10¹7
552 1619 605 1632 =
651 1602 744 1639 Rev.
790 1613 891 1639 num.
938 1613 1010 1639 ser.
1054 1601 1111 1638 III
1156 1602 1232 1639 vol.
1279 1602 1313 1639 X
1358 1602 1464 1639 1892
1509 1613 1544 1650 p.
1580 1602 1651 1638 121
1703 1619 1756 1632 =

806 1668 947 1707 Head²
981 1670 1059 1707 733
1388 1670 1552 1707 Tarsus:

466 1760 530 1798 Aa
566 1751 788 1807 Ἀντίνοος
819 1752 936 1814 ἥρως
967 1761 1100 1809 (caput
1131 1761 1320 1809 Antinoi).

467 1829 526 1866 R:
563 1824 787 1881 Ἀδριανῆς
823 1822 991 1879 Τάρσου
1029 1824 1348 1881 μητροπόλεως
1386 1824 1638 1880 νεωκόρων.
1671 1825 1756 1882 νέῳ

564 1887 717 1948 Ἰάκχφ
749 1896 860 1944 (cista
890 1895 1112 1945 Bacchica).

264 1987 485 2036 Caligulam
521 1987 560 2024 in
590 1987 775 2036 Aegypto
811 1987 967 2035 publice
1007 1988 1245 2036 appellatum
1283 1999 1367 2026 esse
1404 1986 1506 2027 νέου
1537 1983 1756 2028 Διόνυσον

264 2067 341 2103 qua
378 2055 528 2093 ratione
568 2055 731 2103 colligat
766 2054 807 2092 F.
829 2054 1123 2104 Blumenthal2)
1164 2067 1212 2093 ex
1253 2057 1340 2094 loco
1378 2055 1554 2094 Philonis
1594 2055 1642 2094 de
1679 2057 1756 2106 leg.

267 2124 312 2160 ll
331 2134 385 2171 sq.
415 2122 519 2160 haud
549 2123 750 2171 intellego.

379 2202 454 2241 Cur
497 2214 610 2251 reges
653 2201 889 2241 hellenistici
932 2206 1009 2241 tam
1055 2215 1172 2252 saepe
1212 2203 1367 2242 Baccho
1413 2205 1566 2252 aequati
1611 2205 1685 2242 sint
1725 2205 1756 2242 si

265 2271 500 2320 quaerimus,
546 2270 593 2308 de
638 2270 867 2309 Alexandro
913 2274 1055 2309 certam
1101 2283 1255 2310 causam
1300 2272 1417 2310 tradit
1457 2273 1663 2322 Arrianus,
1708 2271 1755 2310 cf.

264 2352 299 2388 p.
324 2340 418 2386 3183
451 2339 519 2376 alii
549 2341 756 2388 propterea
787 2351 1001 2388 cognomen
1029 2340 1171 2378 Bacchi
1203 2341 1400 2389 accepisse
1431 2340 1620 2388 videntur,
1652 2340 1755 2389 quod

380 2484 406 2528 ¹)
432 2483 539 2525 Quod
570 2483 659 2528 legit
691 2483 747 2519 W.
771 2483 1028 2529 Dittenborger
1059 2485 1093 2519 in
1126 2485 1230 2520 titulo
1263 2496 1328 2530 per
1360 2485 1475 2521 solum
1507 2485 1755 2531 apographum

265 2539 396 2575 tradito
422 2539 473 2575 IG
498 2539 633 2574 111450

879 2598 1151 2632 ΣΕΒΕΙΝΟΝ

860 2654 1051 2699 Καίσαρος
1085 2650 1167 2689 υἱόν

687 2725 730 2738 =
758 2706 958 2756 linqui-sthi]
985 2707 1107 2757 21[ae']0v
1133 2708 1333 2757 [Διόιϊσον

860 2766 1054 2813 Καίσαρος
1079 2763 1161 2803 τῖόν

265 2846 372 2881 valde
397 2846 546 2882 dubium
572 2850 637 2881 est.

378 2914 406 2958 ²)
432 2913 453 2949 l.
472 2925 501 2949 c.
526 2925 560 2959 p.
580 2916 655 2949 330.
