1992 3261
284 269 364 305 334

396 382 492 419 Inde
523 382 570 419 ab
603 383 726 421 altero
758 394 792 431 p.
815 381 904 421 Chr.
937 384 1092 421 saeculo
1125 383 1223 421 sieut
1245 383 1478 422 Graecorum
1506 396 1632 423 mores
1659 386 1780 435 magis

281 451 481 500 magisque
512 451 562 488 ad
581 451 704 489 Italos
734 454 1000 500 pervaserunt,
1030 452 1084 489 ita
1105 452 1300 490 Romanus
1331 464 1485 501 quoque
1511 455 1640 492 cultus
1661 454 1779 503 impe—

281 522 449 557 ratorum
495 519 649 557 modum
689 519 923 558 Graecorum
968 519 1104 557 induit.
1174 519 1317 559 Adhuc
1357 532 1488 560 omnes
1529 523 1780 571 aequationes

282 587 408 625 factae
448 590 558 626 erant
598 588 679 625 sive
717 588 765 625 ab
791 587 1014 626 ‘hominibus
1043 589 1204 637 privatis
1236 589 1317 627 sive
1348 601 1371 626 a
1401 589 1640 638 singulorum
1672 591 1780 640 oppi-

283 655 418 693 dorum
462 656 749 704 magistratibus
795 658 832 693 et
877 658 1013 694 senatu
1055 668 1181 705 neque
1227 658 1410 706 vulgatae
1451 660 1560 696 erant
1598 659 1672 697 nisi
1711 670 1782 708 per

282 724 428 773 oppida
470 724 743 773 regionesque,
788 723 1010 762 Hadrianus
1056 727 1181 763 autem
1227 725 1309 774 ipse
1355 737 1395 763 se
1440 721 1638 766 σύνναον
1677 727 1780 766 Iovis

282 791 458 841 Olympii
498 791 605 840 fecit,
645 795 850 842 postquam
888 792 1133 842 Olympieum
1169 792 1337 831 Athenis
1368 793 1592 844 condidit‚1)
1629 795 1668 832 in
1704 807 1780 844 quo

282 862 446 898 statuam
487 861 607 910 ipsius
647 861 740 909 poni
775 860 896 898 iussit.
955 860 1059 899 Cass.
1089 861 1164 898 Dio
1194 861 1322 899 LXIX
1346 863 1448 910 16,1
1483 857 1703 914 Ἁδριανὸς
1734 861 1781 903 δὲ

282 924 383 968 τότε
416 923 656 980 Ὀλύμπιον
687 923 737 968 τὸ
771 925 819 967 ἐν
843 920 1061 981 Ἀθήναις,
1093 925 1140 968 ἐν
1163 918 1199 982 ῷ
1221 927 1295 968 καὶ
1317 921 1452 977 αὐτὸς
1475 926 1663 982 ἵδρυται,
1694 927 1781 982 ἐξε-

283 995 452 1050 ποίησε.
504 997 594 1034 Vita
619 997 738 1034 Hadr.
765 998 826 1044 13,
845 997 868 1034 6
901 1008 1028 1045 opera,
1060 1009 1159 1044 quae
1190 998 1297 1045 apud
1315 997 1574 1037 Athenienses
1595 1002 1782 1047 coeperat,

276 1065 491 1110 'deciscat-ff,
534 1068 577 1102 ut
613 1065 720 1104 Iovis
761 1064 931 1114 Olympii
971 1067 1105 1104 aedem
1146 1069 1182 1103 et
1222 1078 1334 1104 aram
1369 1067 1452 1104 sibe:
1512 1067 1606 1106 Cum
1641 1069 1681 1105 in
1710 1068 1780 1106 illo

281 1134 427 1183 templo
458 1133 680 1171 Hadrianus
720 1135 828 1171 iuxta
857 1135 989 1172 Iovem
1021 1134 1246 1184 Olympium
1283 1137 1324 1173 ut
1355 1135 1448 1173 deus
1481 1136 1690 1185 coleretur,
1731 1136 1781 1174 ad

283 1214 368 1239 enm
409 1213 549 1240 nomen
591 1201 653 1240 dei
692 1203 922 1240 translatum
965 1204 1039 1250 est,
1082 1214 1155 1251 quo
1193 1215 1271 1241 non
1301 1203 1415 1241 modo
1445 1203 1612 1242 Athenis
1643 1203 1712 1242 sed
1741 1205 1781 1241 in

282 1275 363 1310 tota
413 1272 565 1321 imperii
614 1274 722 1321 parte
773 1272 822 1310 ad
873 1273 1059 1311 orientem
1103 1275 1289 1321 vergente
1334 1274 1567 1322 appellatur.
1640 1274 1781 1312 Totum

281 1351 422 1378 nomen
452 1340 556 1378 Iovis
588 1339 762 1390 Olympii
793 1340 829 1378 ei
858 1340 1005 1378 inditur
1035 1340 1140 1379 hisce
1171 1341 1290 1379 loeis:

340 1429 412 1459 nr.
438 1416 520 1459 134
550 1438 603 1450 =
634 1419 689 1458 IG
719 1419 796 1457 XII
818 1421 853 1468 2,
876 1419 954 1457 184
986 1436 1038 1452 =
1069 1419 1158 1458 IGR
1188 1420 1242 1458 IV
1264 1421 1315 1458 85
1575 1421 1780 1469 Mytilene:

487 1490 801 1552 Αὖτοκράτορι
819 1497 1003 1552 Καίσαρι
1025 1499 1224 1552 Τραϊανῷ
1242 1496 1453 1553 Ἀδριανῷ
1470 1498 1534 1540 Διὶ
1558 1492 1781 1554 Ὀλυμπίῳ

489 1566 655 1621 σωτῆρι
685 1565 759 1606 καὶ
789 1566 956 1619 κτίστῃ.
1018 1567 1074 1606 Of.
1105 1579 1161 1608 nr.
1187 1569 1249 1606 11.

341 1668 414 1698 nr.
439 1655 520 1698 135
551 1676 604 1689 =
634 1657 727 1696 Ath.
758 1658 854 1695 Mitt.
876 1659 910 1695 V
935 1659 1042 1696 1880
1073 1670 1108 1707 p.
1132 1658 1211 1696 335
1543 1659 1719 1697 Miletus:

489 1730 807 1789 Αὐτοκράτορι
835 1735 1018 1788 Καίσαρι
1044 1733 1255 1790 Ἀδριανῷ
1285 1738 1500 1791 Σεβαστῷ
1533 1736 1599 1777 Διὶ
1630 1735 1782 1791 Ὀλυμ-

485 1803 574 1858 πίῳ
607 1805 771 1859 σωτῆρι
803 1802 875 1844 καὶ
907 1797 1111 1858 εὐεργέτῃ
1143 1804 1212 1845 καὶ
1248 1803 1432 1858 οἰκιστῇ.

284 1897 327 1933 ln
370 1897 493 1934 altero
536 1896 649 1934 titulo
687 1896 839 1934 Milesio
881 1908 1113 1946 quamquam
1155 1909 1369 1945 cognomen
1401 1896 1573 1947 Olympii
1603 1898 1781 1936 omissum

285 1968 359 2012 est,
399 1968 528 2002 tamen
569 1977 646 2002 non
679 1964 827 2012 dubito,
869 1965 961 2012 quin
1000 1960 1104 2012 Ζεὺς
1136 1958 1367 2017 Ὀλύμπιος
1397 1966 1446 2004 sit
1475 1965 1780 2015 intellegendus:

342 2066 412 2096 nr.
437 2053 518 2096 136
548 2074 602 2087 =
634 2056 689 2094 Le
720 2056 795 2094 Bas
826 2056 1004 2093 111211:

486 2128 803 2188 Αὐτοκράτορι
845 2134 1029 2188 Καίσαρι
1076 2137 1274 2189 Ίραϊανῷ
1316 2132 1528 2190 Ἆόριανῷ
1569 2137 1782 2190 Σεβαστῷ

486 2201 553 2243 Διὶ
583 2203 751 2256 σωτῆρι
782 2202 855 2242 καὶ
887 2201 1071 2255 οἰκιστῇ.

340 2305 411 2334 nr.
438 2292 517 2334 137
549 2313 602 2326 Ξ
635 2295 736 2332 Bull.
769 2306 865 2333 corr.
898 2295 991 2333 hell.
1023 2295 1153 2333 XVIII
1189 2296 1296 2333 1894
1326 2308 1363 2345 p.
1389 2297 1450 2343 18,
1473 2297 1562 2345 lsq.

829 2364 1149 2402 Halicarnassus:

487 2433 799 2494 Αῧτοκράτορι
848 2441 1029 2495 Αἀίσαρι
1077 2444 1274 2496 Ίραϊανῷ
1315 2440 1527 2496 Ἀδριανῷ
1568 2444 1781 2497 Σεβαστῷ

489 2509 555 2550 Διὶ
587 2502 810 2562 Ὀλυμπίῳ
842 2510 1006 2564 σωτῆρι
1038 2509 1111 2550 καὶ
1142 2510 1309 2562 κτίστῃ.

343 2610 414 2640 111⁸.
439 2598 520 2640 138
551 2618 604 2631 =
636 2599 718 2639 CIG
743 2600 850 2637 3036
1182 2602 1408 2651 Metropolis
1439 2602 1636 2651 (Lydiae):

488 2672 800 2731 Αὐτοκράτορι
830 2679 1015 2733 lazio-apt
1052 2681 1250 2733 Τραϊανῷ
1284 2678 1493 2734 Ἀδριανῷ
1525 2680 1591 2721 Διὶ
1628 2678 1779 2735 Ὀλυμ-

487 2746 576 2801 πίῳ
607 2746 680 2787 καὶ
712 2746 878 2799 κτίστῃ.

399 2859 425 2902 ¹)
451 2858 548 2894 Cella
565 2858 731 2894 dedicata
748 2861 803 2893 est
819 2868 912 2894 anno
937 2862 1006 2903 125,
1025 2863 1140 2895 totum
1158 2860 1330 2904 templum
1348 2861 1458 2903 131s2.
1496 2859 1548 2895 Of.
1568 2860 1624 2896 W.
1643 2859 1779 2896 Weber

283 2915 307 2950 1.
325 2926 354 2950 e.
379 2927 413 2960 p.
433 2918 496 2950 208
510 2926 588 2960 sqq.
