1992 3261
298 263 379 301 282

299 388 428 414 eorum
459 376 499 413 in
529 376 725 425 publicum
757 375 965 425 prodirent.
1026 376 1194 423 Quorum
1226 377 1369 426 primus
1400 380 1482 416 erat
1505 377 1697 428 Caligula,
1728 379 1794 427 qui

299 456 377 482 non
413 444 507 482 satis
543 444 713 483 habebat
751 445 792 481 in
823 444 1016 494 Capitolio
1053 446 1159 483 iuxta
1194 446 1326 483 Iovem
1361 445 1538 484 habitare
1578 446 1699 496 (Cass.
1720 447 1794 485 Dio

298 512 387 550 LIX
411 513 474 560 28,
493 513 544 561 2),
572 512 639 551 sed
662 513 776 551 etiam
798 513 1003 551 simulacro
1024 513 1129 552 Iovis
1151 513 1323 562 Olympii
1346 515 1472 563 capite
1494 514 1665 553 abscisso
1687 527 1795 553 suum

298 581 418 630 ipsius
449 584 564 630 caput
595 582 793 630 imponere
824 581 985 619 volebat
1015 582 1056 630 (l.
1078 594 1108 620 0.
1133 583 1183 630 3).
1237 581 1337 620 Aliis
1369 594 1522 630 quoque
1551 583 1682 620 multis
1713 583 1796 621 deis

300 660 385 687 eum
431 660 471 687 se
517 649 746 698 aequavisse
791 648 949 687 tradunt
993 650 1146 689 Cassius
1190 650 1264 687 Dio
1311 652 1348 688 et
1387 649 1512 688 Philo.
1581 651 1684 690 Cass.
1720 651 1795 688 Dio

298 717 386 754 LIX
409 716 599 766 26,5sq.:
637 709 764 769 ἠξίου
800 714 881 768 μὲν
917 713 999 769 γάρ
1036 715 1109 757 καὶ.
1146 712 1371 769 πρότερον
1400 716 1511 771 ὑπὲρ
1544 711 1796 771 ἄνθρωπον

299 783 558 837 νομίζεσθαι
589 783 661 823 καὶ
692 783 746 836 τῇ
772 778 950 837 Σελήνη
982 784 1299 838 συγγίγνεσθαι
1331 784 1403 825 καὶ
1433 777 1523 826 ὑπὸ
1553 785 1630 840 τῆς
1655 784 1796 839 Νίκης

299 853 633 904 στεφανοῦσθαι
661 848 792 906 ἔλεγε,
824 848 932 901 Ζεύς
953 867 1000 893 τε
1024 848 1134 893 εἶναι
1157 849 1401 894 ἐπλάττετο
1430 853 1503 893 καὶ
1525 849 1639 894 κατὰ
1658 854 1795 894 τοῦτο

299 919 374 960 καὶ
415 919 617 974 γυναιξὶν
649 914 802 969 ἄλλαις
832 935 879 961 τε
910 923 1095 969 πολλαῖς
1136 920 1209 961 καὶ
1239 928 1335 970 ταῖς
1367 919 1576 973 ἀδελφαῖς
1605 919 1797 975 μάλιστα

300 996 497 1029 συνεῖναι
527 988 884 1042 προεφασίσατο.
923 989 995 1029 καὶ
1029 989 1256 1030 Ποσειδῶν
1287 979 1438 1038 αὖθις,
1476 983 1545 1031 ὅτι
1575 991 1798 1031 τοσοῦτον

301 1053 529 1111 θαλάσσης
558 1057 724 1110 μέτρον
755 1054 914 1110 ἔζευξε,
955 1054 1036 1098 τόν
1067 1073 1112 1098 τε
1143 1056 1354 1110 Ἡρακλέα
1389 1055 1470 1099 τόν
1500 1073 1546 1099 τε
1579 1055 1797 1100 Διόνυσον

301 1121 382 1166 τόν
413 1140 458 1166 τε
479 1119 679 1166 Απόλλω
711 1123 814 1174 τούς
844 1140 890 1166 τε
923 1121 1100 1176 ἄλλους,
1132 1123 1211 1179 οὔχ
1244 1119 1313 1166 ὅτι
1343 1141 1449 1175 τους
1476 1141 1603 1180 αρρει
1601 1141 1660 1176 ας
1688 1119 1798 1168 ἀλλὰ

300 1192 373 1233 καὶ
404 1189 481 1242 τὰς
511 1193 707 1248 θηλείας,
737 1185 1020 1247 υπεκρίνετο,
1041 1187 1146 1247 Ἠοα
1172 1209 1219 1234 τε
1248 1194 1317 1234 καὶ
1340 1188 1528 1248 Ἄρτεμις
1555 1194 1629 1235 καὶ
1649 1192 1796 1248 Αφρο-

301 1260 397 1315 div]
439 1257 660 1310 πολλάκις
701 1259 923 1315 ἐγίγνετο·
964 1258 1076 1315 πρὸς
1114 1276 1194 1316 γαρ
1232 1258 1283 1317 ὀὴ
1319 1259 1400 1317 τὴν
1437 1263 1530 1303 τῶν
1561 1256 1797 1316 όνοιιάτων

299 1325 540 1382 μετάθεσιν
584 1329 654 1369 καὶ
702 1324 754 1370 τὸ
801 1323 912 1370 ἄλλο
960 1330 1099 1384 σχῆμα
1145 1331 1236 1371 πᾶν
1281 1327 1333 1371 τὸ
1374 1327 1606 1386 προσῆκόν
1649 1342 1799 1383 σφισιν

301 1393 560 1450 ἐλάμβανεν,
588 1391 701 1438 ὥστε
730 1395 921 1438 ἐοικέναι
950 1392 1004 1438 ἂν
1033 1398 1194 1439 δοκεῖν.
1247 1400 1392 1438 Similis
1414 1403 1473 1438 est
1492 1401 1601 1439 locus
1621 1400 1798 1439 Philonis

302 1467 350 1505 de
380 1468 457 1515 leg.
482 1468 548 1505 11:
581 1461 735 1520 ἤρχετο
769 1462 851 1520 γὰρ
884 1464 1120 1519 ἐξομοιοῦν
1149 1463 1407 1521 τὸπρῶτον
1433 1475 1525 1516 τοῖς
1546 1467 1798 1522 λεγομένοις

303 1531 504 1588 ἡμιθέοις
552 1530 714 1575 ἑαυτὸν
761 1532 963 1588 Διονύσῳ
1009 1533 1082 1574 καὶ
1120 1532 1323 1588 Ἡρακλεῖ
1364 1535 1438 1576 καὶ
1484 1532 1795 1588 Διοσκούροις·

307 1598 567 1654 Τροφώνιον
597 1601 671 1642 καὶ
684 1595 952 1655 Ἀμφιάραον
983 1602 1053 1642 καὶ
1070 1599 1332 1656 Ἀμφίλοχον
1363 1602 1438 1644 καὶ
1468 1600 1574 1652 τοῦς
1602 1601 1798 1657 ὁμοίους,

299 1670 578 1725 χρηστηρίοις
629 1665 779 1719 αι’-τοῖς
830 1669 904 1710 καὶ
957 1663 1124 1723 ὀργίοις
1170 1669 1333 1724 χλεύην
1382 1671 1634 1725 τιθέμενος,
1684 1667 1798 1712 κατὰ

303 1734 530 1791 σύγκρισιν
557 1739 636 1791 τῆς
664 1736 776 1786 ἰδίας
803 1734 1054 1790 δυνάμεως·
1087 1730 1172 1778 εἶθ)
1191 1731 1338 1792 ὥσπερ
1366 1736 1414 1779 ἐν
1433 1736 1615 1793 θεάτρῳ
1638 1736 1798 1794 σκευὴν

301 1799 460 1846 ἄλλοτε
503 1805 686 1845 ἀλλοίαν
726 1802 954 1858 ἐλάμβανε,
997 1804 1098 1846 τοτὲ
1138 1805 1218 1859 μὲν
1258 1807 1447 1862 λεοντῆν
1484 1806 1558 1847 καὶ
1595 1803 1797 1861 ῥόπαλον

302 1867 528 1927 ἀμφότερα
569 1871 781 1926 ἐπίχρυσα
823 1869 1198 1927 ὁιακοσμούμενος
1240 1873 1298 1923 εἰς
1335 1872 1569 1927 Ἡρακλέα·
1611 1874 1712 1916 τοτὲ
1751 1874 1797 1916 δὲ

299 1941 459 1989 πίλους
500 1940 572 1982 επὶ
611 1943 687 1997 τῆς
728 1942 933 1996 κεφαλῆς,
976 1939 1115 1982 οπότε
1153 1934 1336 1984 άσκοῐτο
1375 1941 1434 1991 εἰς
1465 1939 1794 1996 Διοσκούρους·

302 2006 394 2050 έστι
435 2009 481 2050 δὲ
521 2003 592 2050 ὅτε
635 2011 772 2050 κιττῶ
816 2009 889 2050 καὶ
930 2011 1087 2064 θυρσιῖ
1128 2010 1201 2051 καὶ
1242 2010 1438 2065 νεβρίσιν
1478 2010 1537 2060 εἰς
1577 2006 1798 2053 Διόνυσον

301 2072 500 2133 ἠσκεῖτο.
532 2079 622 2117 ibid.
648 2080 719 2116 13.
758 2075 956 2132 Τοσαύτη
988 2077 1035 2119 ὁέ
1064 2093 1129 2126 τις
1158 2079 1259 2132 περὶ
1291 2072 1430 2120 αὐτὸν
1460 2094 1514 2134 ην
1545 2075 1684 2120 λύττα
1723 2079 1796 2120 καὶ

301 2143 566 2199 παράφορος
602 2145 675 2186 καὶ
706 2143 971 2200 παράκοπος
1002 2146 1154 2200 μανία,
1196 2142 1309 2188 ὡστε
1345 2147 1420 2188 καὶ
1451 2144 1554 2197 τοὺς
1583 2145 1796 2203 ημιθέους

301 2210 494 2268 ὑπερβὰς
538 2211 717 2267 ἐπανῄει
761 2214 835 2255 καὶ
880 2212 1151 2256 ἐπανεόύετο
1192 2223 1285 2264 τοῖς
1324 2217 1419 2256 τῶν
1457 2213 1678 2269 μειζόνων
1721 2215 1797 2256 καὶ

304 2276 574 2336 ἀμφιθαλῶν
596 2278 707 2322 εἶναι
725 2279 987 2323 δοκούντων
1004 2284 1247 2336 σεβασμοῖς,
1268 2276 1424 2337 Ἑρμοῦ
1445 2277 1798 2332 καὶΆπόλλωνος

302 2350 376 2391 καὶ
399 2345 570 2403 Ἄρεως,
605 2347 762 2403 Ἑρμοῦ
794 2348 846 2391 τι)
879 2351 1063 2405 πρῶτον
1094 2351 1344 2406 κηρυκείοις
1384 2351 1458 2392 καὶ
1487 2352 1684 2402 πεδίλοις
1723 2352 1797 2393 καὶ

302 2415 519 2472 χλαμύσιν
536 2415 919 2471 ἐνσκευαζόμενος,
936 2415 1062 2471 τάξιν
1078 2434 1123 2460 τε
1140 2418 1188 2460 ἐν
1203 2414 1359 2476 α’ταξίςι
1377 2421 1448 2460 καὶ
1465 2417 1517 2461 τὸ
1534 2414 1796 2462 άκόλουθον

304 2485 352 2526 ἐν
392 2482 594 2539 συγχύσει
637 2486 709 2526 καὶ
752 2483 966 2540 λογισμὸν
1007 2485 1054 2527 ε”ν
1094 2487 1419 2544 ([ρενοβλαβείᾳ
1457 2485 1797 2541 παρεπιδεικνύ-

303 2566 457 2606 μενος·
501 2549 593 2594 εἶτα
634 2546 771 2595 ὁπότε
810 2550 978 2607 δόξειεν
1013 2554 1136 2610 αὐτῷ
1171 2552 1226 2596 τὰ
1254 2555 1334 2609 μὲν
1368 2550 1620 2605 ἀπετίθετο,
1661 2559 1720 2605 εἰς
1751 2555 1798 2597 όὲ

294 2616 547 2662 Ἀπολλωνα
586 2624 920 2676 μετεμορφοῦτο
958 2623 1032 2663 καὶ
1061 2620 1414 2676 μετεσκευαζετο,
1453 2621 1688 2675 στεφάνοις
1717 2638 1797 2677 μεν

304 2683 596 2731 άκτινοειὸέσι
616 2704 699 2745 την
719 2685 917 2746 κεφαλην
939 2687 1257 2744 άναὸουμενος,
1281 2688 1416 2742 τόξον
1439 2690 1484 2732 ὁὲ
1505 2707 1556 2745 τῃ
1580 2689 1795 2746 ευωνύμω

304 2757 372 2797 καὶ
407 2757 512 2832 βέλη
542 2771 720 2835 κράτων
747 2758 873 2810 χειρί,
911 2756 1092 2838 χάριτας
1124 2758 1169 2800 ὸὲ
1199 2774 1252 2812 τη
1284 2758 1404 2815 δεξιᾷ
1434 2759 1700 2812 προτείνων,
1737 2757 1796 2807 ὡς

305 2824 409 2865 ὁέον
447 2821 502 2865 τὰ
540 2839 619 2878 μεν
661 2818 810 2878 άγαθα
852 2825 1021 2879 ὀρέγειν
1061 2824 1106 2878 ἐξ
1143 2822 1324 2880 ετοίμου
1364 2825 1438 2867 καὶ
1473 2824 1685 2880 τετάχθαι
1714 2823 1797 2882 τὴν

313 2892 511 2933 ἐελτίονα
541 2890 667 2944 τάξιν
699 2888 781 2946 τήν
812 2891 883 2933 ἐπὶ
917 2890 1057 2946 ὀέξιά·
1091 2890 1169 2942 τὰς
1200 2893 1247 2935 δὲ
1276 2891 1475 2943 κολάσεις
1505 2891 1797 2936 ὑποστέλλειν
