1992 3261
1575 226 1654 264 281

164 342 274 381 Licet
310 342 444 380 mirum
476 342 523 380 sit
553 341 626 379 hoc
657 343 745 379 loco
776 341 937 378 Martem
969 352 1054 378 cum
1086 339 1264 377 semideis
1297 340 1493 388 componi,
1530 341 1659 377 tamen

164 423 242 448 non
269 409 470 459 probanda
498 413 555 448 est
583 410 712 460 opinio
740 409 873 456 Elteri,
887 410 913 457 1)
946 409 1010 457 qui
1039 407 1249 446 Gradivum
1278 407 1546 456 accipiendum
1574 418 1658 445 esse

165 477 364 517 contendit
400 478 447 515 de
479 477 656 524 Qui1·ino;
693 479 779 516 loco
817 477 917 515 enim
956 488 1069 525 quem
1106 477 1217 514 affert
1255 475 1325 514 Ov.
1351 478 1439 514 met.
1466 475 1558 513 XIV
1577 476 1658 513 820

165 558 244 585 non
273 547 474 594 Romulus,
505 546 574 584 sed
605 547 708 584 Mars
739 545 845 584 audit
876 544 1081 584 Gradivus.

279 636 372 675 Cum
403 637 574 674 Hercule
605 637 823 685 Augustum
860 637 1060 684 comparat
1089 635 1271 673 Horatius
1303 646 1334 672 c.
1361 634 1419 671 III
1444 634 1507 682 14,
1526 635 1544 671 1
1561 646 1660 683 sqq.:

371 727 556 765 Herculis
585 728 665 764 ritu
694 727 807 764 moclo
839 727 975 771 dictus,
1008 737 1028 763 o
1051 725 1176 773 plebs,

371 798 493 834 morte
522 796 699 833 venalem
719 795 883 843 petiisse
915 795 1070 832 laurum

372 862 520 902 Caesar
547 863 737 911 Hispana
764 864 904 911 repetit
924 863 1086 910 penatis

438 933 560 970 victor
590 933 638 970 ab
670 943 750 970 ora.

167 1023 320 1062 Cassius
356 1023 432 1061 Dio
470 1024 510 1060 in
545 1023 770 1061 laudatione
806 1022 976 1070 funebri,
1017 1034 1131 1071 quam
1168 1034 1191 1059 a
1226 1021 1384 1059 Tiberio
1421 1021 1461 1058 in
1496 1020 1663 1069 Augusti

164 1090 351 1129 honorem
387 1091 557 1129 habitam
594 1090 704 1140 fingit
740 1091 844 1140 (LVI
867 1090 1073 1139 36‚4sq.),
1108 1091 1224 1127 illum
1255 1088 1447 1127 dicentem
1477 1088 1570 1126 facit
1598 1100 1660 1126 res

167 1159 215 1196 ab
258 1160 438 1208 Augusto
477 1162 606 1209 gestas
645 1171 723 1197 non
762 1171 877 1208 posse
917 1159 1134 1208 comparari
1175 1169 1259 1195 cum
1301 1158 1355 1196 eis
1394 1157 1526 1205 rebus,
1569 1169 1663 1205 quas

168 1227 400 1265 Alexander
436 1230 501 1265 aut
531 1228 718 1266 Romulus
756 1227 1009 1274 confecerint,
1047 1227 1117 1265 sed
1148 1226 1326 1265 Herculis
1362 1227 1509 1262 tantum
1540 1224 1664 1263 sactis.

282 1319 411 1357 Semel
441 1320 642 1368 Augustus
674 1319 823 1365 Quirini
852 1319 1007 1356 nomine
1039 1319 1280 1367 appellatur:

225 1410 338 1458 Verg.
368 1409 506 1459 Georg.
534 1410 591 1447 III
614 1412 683 1447 27:

373 1502 604 1548 victorisque
635 1513 749 1539 arma
782 1500 945 1549 Quirini.

173 1589 295 1635 Quem
332 1591 380 1628 ad
417 1592 544 1629 locum
575 1592 732 1630 Servius
769 1590 944 1628 adnotat:
986 1590 1195 1629 Szcotonius
1227 1590 1483 1637 Tranquillus
1519 1590 1590 1627 hoo
1621 1590 1666 1628 de

170 1657 354 1707 Auyusto
392 1663 679 1705 commemorat,
721 1660 890 1707 quodam
928 1661 1092 1707 tempore
1131 1661 1206 1696 tres
1234 1661 1372 1706 partos
1399 1659 1542 1706 populi
1577 1670 1665 1696 oon-

171 1729 359 1765 sentiente
385 1731 526 1766 senatu
554 1729 739 1766 obtulisse
765 1729 800 1765 ei
822 1729 898 1766 tria
917 1729 1079 1765 nomina
1103 1727 1259 1776 Quirini
1277 1725 1454 1775 Auyusti
1475 1725 1666 1764 Caesaris.

169 1795 198 1833 I
201 1796 250 1833 lle
279 1808 328 1833 ne
352 1808 474 1834 unum
501 1797 676 1844 elioenclo
705 1797 809 1835 alias
836 1797 1047 1843 offenderet
1063 1798 1211 1843 partes,
1234 1796 1365 1843 primo
1396 1795 1582 1843 Quirinus
1609 1797 1667 1833 est

173 1864 309 1909 dictus,
339 1865 429 1902 inde
458 1863 614 1910 Caesar,
636 1868 734 1913 post
756 1866 799 1903 in
824 1866 979 1902 nomino
997 1865 1220 1912 permansit
1243 1862 1468 1912 Auyust222)
1518 1864 1664 1901 Locum

171 1931 340 1980 Suetoni‚
372 1943 484 1980 quem
515 1933 625 1970 affert
654 1933 822 1981 Servius,
852 1933 1004 1971 invenis
1034 1932 1073 1969 in
1104 1932 1206 1970 vitae
1236 1932 1404 1980 Augusti
1434 1931 1560 1980 capite
1581 1932 1666 1978 VII,

171 1999 237 2037 ubi
277 2000 443 2049 scriptor
481 2000 599 2038 tradit
633 2001 811 2049 Augusto
850 1997 1012 2038 inditum
1050 2011 1135 2038 esse
1172 2011 1388 2048 cognomen
1423 1998 1589 2037 Thurini
1626 2000 1666 2036 in

171 2069 399 2105 memoriam
428 2069 621 2106 maiorum
653 2070 814 2117 oriyinis
843 2069 903 2106 vel
934 2069 1038 2116 quod
1064 2069 1219 2116 reqiono
1252 2067 1433 2105 Thurina
1462 2079 1593 2105 recens
1624 2079 1665 2104 eo

171 2138 266 2173 nato
302 2139 423 2184 pater
465 2136 648 2174 Octavius
694 2137 880 2175 adversus
919 2138 1108 2185 fuyitivos
1146 2148 1226 2174 rom
1257 2147 1445 2184 prospere
1482 2138 1665 2184 yesserat.

172 2203 295 2249 Quam
326 2205 374 2243 ob
402 2216 482 2242 rem
510 2216 594 2242 cum
622 2205 746 2244 Servii
772 2206 1030 2244 testimonium
1058 2208 1099 2242 ut
1126 2216 1174 2242 ex
1201 2216 1332 2242 errore
1358 2207 1482 2242 ortum
1510 2205 1664 2241 missum

171 2271 390 2310 faciendum
422 2274 484 2319 sit,
521 2273 657 2310 unicus
688 2275 808 2311 restat
837 2274 947 2312 locus
974 2273 1140 2322 Vergili,
1177 2273 1242 2321 qui
1272 2284 1413 2310 nomen
1442 2272 1666 2321 imperatori

171 2340 312 2378 indidit
336 2343 554 2390 propterea,
586 2340 688 2390 quod
714 2343 792 2379 tam
819 2341 918 2379 bene
946 2341 994 2379 de
1020 2341 1114 2379 urbe
1141 2341 1299 2379 meritus
1327 2343 1410 2378 erat
1435 2352 1548 2389 quam
1576 2351 1665 2377 con-

173 2407 272 2446 ditor
291 2409 489 2457 Romulus,
516 2410 581 2457 qui
606 2408 707 2446 idem
733 2412 849 2458 atque
871 2409 1052 2455 Quirinus
1079 2421 1161 2448 esse
1187 2409 1407 2458 putabatur.
1446 2409 1665 2457 Augustum

173 2478 352 2514 vocatum
383 2488 465 2515 esse
497 2476 734 2515 conditorem
764 2477 869 2515 urbis
898 2480 1061 2516 testatur
1091 2477 1193 2515 Suet.
1214 2477 1316 2527 Aug.
1339 2478 1374 2514 7.

288 2601 479 2639 Nonnulli
537 2602 788 2651 imperatores
846 2601 947 2640 hanc
1007 2602 1217 2640 divinitatis
1276 2602 1495 2651 opinionem
1549 2600 1666 2638 valde

175 2673 363 2707 auxerunt
401 2670 470 2718 ita,
512 2673 553 2708 ut
592 2671 665 2719 ipsi
705 2682 774 2719 pro
818 2671 933 2708 certis
974 2670 1032 2708 dis
1073 2682 1112 2708 se
1154 2671 1336 2719 gererent
1376 2672 1414 2707 et
1454 2670 1492 2706 in
1532 2668 1665 2707 habitu

291 2814 318 2857 ¹)
342 2813 363 2848 l.
379 2824 409 2848 c.
434 2824 468 2858 p.
486 2817 608 2858 40‚41.

289 2871 317 2914 2)
342 2870 479 2905 Eadem
503 2873 622 2906 narrat
646 2870 748 2906 Serv.
772 2869 818 2904 ad
842 2869 935 2905 Aen.
956 2870 1066 2905 1292.

244 2938 322 2964 Dias.
337 2939 408 2965 Hal.
428 2937 494 2971 XX,
510 2940 535 2964 3.
1422 2939 1462 2970 19
