1992 3261
1600 203 1680 242 275

250 328 365 366 Trist.
386 328 419 365 v
438 327 474 374 2,
492 326 560 364 53:

388 429 521 466 parce,
543 428 693 465 precor,
722 416 999 461 mmunamque
1032 415 1095 450 tuo
1128 413 1173 450 de
1201 411 1369 459 fulmine
1391 412 1548 458 partem

399 487 514 524 deme.

196 577 251 616 Of.
278 577 391 615 Trist.
418 577 565 614 11179.

251 680 366 718 Trist.
387 679 422 717 V
439 680 474 726 3,
493 679 561 716 31:

429 810 437 818 .
459 810 466 818 .
498 780 648 818 audisti
667 789 897 827 percussum
926 777 1095 826 fulmine
1124 779 1262 814 vatem.

251 883 341 922 ibid.
368 884 387 920 I
407 884 440 930 1,
459 883 526 920 72:

398 986 503 1024 vem‘b
532 985 573 1022 in
603 984 672 1021 hoe
704 983 775 1021 illa
803 982 956 1031 fulmen
986 982 1034 1020 ab
1067 992 1154 1019 aree
1184 983 1312 1028 caput.

197 1089 340 1127 Ultimo
382 1099 495 1137 quem
535 1087 649 1124 attuli
690 1087 778 1123 loco
819 1084 1053 1122 vocabulum
1093 1083 1193 1121 areis
1234 1081 1501 1131 accipiendum
1542 1083 1599 1119 est
1639 1080 1687 1119 de

196 1157 395 1202 Palatino,
431 1155 523 1193 sede
556 1154 740 1203 August13
775 1165 860 1191 oum
897 1152 984 1189 aliis
1019 1152 1117 1189 locis
1147 1152 1316 1199 (Metam.
1344 1150 1414 1188 XV
1436 1150 1535 1196 858;
1572 1149 1688 1187 Trist.

196 1225 250 1262 IV
271 1225 305 1271 3,
323 1224 363 1273 5)
394 1226 511 1273 poeta
540 1223 611 1260 illo
642 1221 761 1259 verbo
792 1222 921 1258 utatur
951 1219 1001 1257 ad
1032 1218 1325 1268 significandum
1357 1219 1524 1265 caelum,
1555 1216 1687 1255 sedem

196 1292 314 1338 Iovis,
350 1291 424 1328 hac
461 1301 612 1338 quoque
643 1289 683 1326 in
712 1300 754 1326 re
785 1289 987 1337 Augustus
1016 1287 1100 1325 Iovi
1130 1289 1329 1335 aequatur.
1390 1286 1554 1323 Domum
1585 1285 1688 1323 Iovis

197 1362 312 1410 poeta
342 1359 565 1397 Palatinum
596 1360 726 1395 vocat:

253 1462 368 1500 Trist.
394 1461 452 1498 III
473 1462 505 1508 1,
524 1460 592 1497 35:

401 1565 460 1601 ‘et
486 1562 593 1602 Iovis
624 1561 740 1600 haec'
771 1561 852 1599 dexi
881 1561 1039 1598 ‘domus
1071 1559 1159 1598 est'.

199 1679 281 1716 Iovi
311 1680 499 1726 aequatur
528 1677 728 1726 Augustus
759 1675 817 1713 his
849 1686 1002 1724 quoque
1032 1674 1225 1712 versibus:

255 1782 315 1819 Ex
344 1782 468 1819 Ponto
498 1780 537 1817 II
560 1781 595 1827 2,
619 1779 670 1817 65
688 1791 761 1827 sq.:

406 1882 575 1930 &emaque
604 1893 760 1921 serenus
792 1883 864 1919 erit
895 1881 1097 1928 vultusque
1126 1881 1317 1918 remiserit
1344 1880 1446 1924 illos,

473 1952 540 1998 qui
568 1962 696 1989 seeum
729 1952 850 1987 terras
882 1950 1158 1997 imperiumque
1186 1951 1349 1986 movent.

200 2055 299 2092 Nam
336 2065 435 2102 quae
472 2053 519 2090 de
551 2054 727 2100 Augusto
764 2051 837 2090 hoo
872 2053 960 2089 loco
998 2050 1091 2088 dicit
1126 2053 1241 2099 poeta
1276 2050 1473 2087 imitantur
1509 2062 1555 2088 ea
1591 2061 1690 2098 quae

201 2122 249 2160 de
280 2122 372 2160 Iove
402 2122 545 2170 scripta
574 2120 748 2158 videmus
778 2119 881 2169 apud
911 2119 1120 2157 Homerum
1152 2119 1211 2167 (Il.
1233 2117 1273 2158 A
1296 2119 1377 2156 528
1394 2119 1510 2167 sqq.):

336 2212 362 2276 ἦ
394 2222 466 2262 καὶ
497 2220 732 2274 κυανέῃσιν
762 2218 829 2261 ἐπ’
857 2218 1019 2274 ὀφρύσι
1051 2221 1176 2261 νεῦσε
1208 2219 1437 2273 Κρονίων·

337 2288 571 2344 ἀμβρόσιαι
604 2289 639 2330 δ’
662 2284 746 2342 ἄρα
773 2296 921 2342 χαῖται
952 2285 1264 2342 ἐπερρώσαντο
1297 2282 1487 2336 ἄνακτος

337 2354 498 2412 κρατὸς
529 2357 603 2398 ἀπ’
628 2351 890 2397 ἀθανάτοιο·
923 2356 1060 2410 μέγαν
1090 2356 1126 2397 ῥ’
1150 2354 1341 2407 ἐλέλιξεν
1366 2351 1601 2409 Ὄλυμπον.

204 2463 325 2501 Divus
355 2462 549 2510 Augustus
580 2460 686 2498 audit
716 2461 906 2509 Iuppiter:

260 2554 362 2592 Fast.
389 2554 407 2591 I
429 2553 508 2591 649
525 2564 596 2601 sq.:

408 2644 509 2682 haue
540 2646 608 2681 tua
639 2644 841 2681 constituit
867 2643 1041 2691 yeuetrix
1071 2645 1107 2680 et
1135 2643 1247 2681 rebus
1280 2645 1315 2680 et
1345 2654 1418 2680 ara

475 2712 563 2750 sola
595 2714 676 2749 toro
705 2711 844 2759 maqm'
875 2711 995 2759 digma
1024 2713 1178 2759 reperta
1206 2711 1324 2748 Iovis.
1337 2710 1365 2760 1)

320 2856 348 2900 ¹)
372 2855 453 2890 Non
477 2855 705 2890 adhibendos
730 2864 810 2890 esse
834 2856 922 2899 puto
947 2854 1014 2890 hos
1038 2863 1180 2890 versus:
