<?xml version="1.0" encoding="UTF-8"?>
<!DOCTYPE html PUBLIC "-//W3C//DTD XHTML 1.0 Transitional//EN"
    "http://www.w3.org/TR/xhtml1/DTD/xhtml1-transitional.dtd">
<html xmlns="http://www.w3.org/1999/xhtml" xml:lang="en" lang="en">
 <head>
  <title>
</title>
<meta http-equiv="Content-Type" content="text/html;charset=utf-8" />
  <meta name='ocr-system' content='tesseract 3.04.00' />
  <meta name='ocr-capabilities' content='ocr_page ocr_carea ocr_par ocr_line ocrx_word'/>
</head>
<body>
  <div class='ocr_page' id='page_1' title='image "./deimperatorumrom00riewuoft_0024.png"; bbox 0 0 1992 3261; ppageno 0'>
   <div class='ocr_carea' id='block_1_1' title="bbox 271 251 351 288">
    <p class='ocr_par' dir='ltr' id='par_1_1' title="bbox 271 251 351 288">
     <span class='ocr_line' id='line_1_1' title="bbox 271 251 351 288; baseline 0.013 -1"><span class='ocrx_word' id='word_1_1' title='bbox 271 251 351 288; x_wconf 80' lang='lat'>276</span> 
     </span>
    </p>
   </div>
   <div class='ocr_carea' id='block_1_2' title="bbox 268 363 1762 549">
    <p class='ocr_par' dir='ltr' id='par_1_2' title="bbox 268 363 1762 549">
     <span class='ocr_line' id='line_1_2' title="bbox 384 363 1762 415; baseline 0.004 -15"><span class='ocrx_word' id='word_1_2' title='bbox 384 363 564 412; x_wconf 79' lang='lat' dir='ltr'>Caligula</span> <span class='ocrx_word' id='word_1_3' title='bbox 616 368 712 402; x_wconf 68' lang='lat' dir='ltr'>teste</span> <span class='ocrx_word' id='word_1_4' title='bbox 759 364 940 402; x_wconf 74' lang='lat' dir='ltr'>Suetonio</span> <span class='ocrx_word' id='word_1_5' title='bbox 993 365 1129 413; x_wconf 75' lang='lat' dir='ltr'>(Calig.</span> <span class='ocrx_word' id='word_1_6' title='bbox 1168 366 1236 414; x_wconf 79' lang='lat'>22)</span> <span class='ocrx_word' id='word_1_7' title='bbox 1282 369 1440 404; x_wconf 79' lang='lat' dir='ltr'>vocatus</span> <span class='ocrx_word' id='word_1_8' title='bbox 1491 369 1550 405; x_wconf 82' lang='lat' dir='ltr'>est</span> <span class='ocrx_word' id='word_1_9' title='bbox 1595 368 1762 415; x_wconf 76' lang='lat' dir='ltr'>optimas</span> 
     </span>
     <span class='ocr_line' id='line_1_3' title="bbox 270 430 1762 483; baseline 0.004 -15"><span class='ocrx_word' id='word_1_10' title='bbox 270 433 462 470; x_wconf 72' lang='lat' dir='ltr'>maximus</span> <span class='ocrx_word' id='word_1_11' title='bbox 485 430 632 471; x_wconf 77' lang='lat' dir='ltr'>Caesar</span> <span class='ocrx_word' id='word_1_12' title='bbox 660 435 698 470; x_wconf 79' lang='lat' dir='ltr'>et</span> <span class='ocrx_word' id='word_1_13' title='bbox 718 433 898 472; x_wconf 79' lang='lat' dir='ltr'>Latiaris</span> <span class='ocrx_word' id='word_1_14' title='bbox 917 433 1104 481; x_wconf 73' lang='lat' dir='ltr'>Iuppiter,</span> <span class='ocrx_word' id='word_1_15' title='bbox 1136 434 1274 482; x_wconf 88' lang='lat' dir='ltr'>quibus</span> <span class='ocrx_word' id='word_1_16' title='bbox 1306 435 1594 483; x_wconf 84' lang='lat' dir='ltr'>cognominibus</span> <span class='ocrx_word' id='word_1_17' title='bbox 1625 448 1648 473; x_wconf 85' lang='lat' dir='ltr'>a</span> <span class='ocrx_word' id='word_1_18' title='bbox 1668 436 1762 474; x_wconf 83' lang='lat' dir='ltr'>Iove</span> 
     </span>
     <span class='ocr_line' id='line_1_4' title="bbox 268 500 729 549; baseline 0.004 -12"><span class='ocrx_word' id='word_1_19' title='bbox 268 500 397 549; x_wconf 80' lang='lat' dir='ltr'>petitis</span> <span class='ocrx_word' id='word_1_20' title='bbox 429 500 500 538; x_wconf 83' lang='lat' dir='ltr'>deo</span> <span class='ocrx_word' id='word_1_21' title='bbox 533 503 729 549; x_wconf 83' lang='lat' dir='ltr'>aequatur.</span> 
     </span>
    </p>
   </div>
   <div class='ocr_carea' id='block_1_3' title="bbox 326 580 1459 720">
    <p class='ocr_par' dir='ltr' id='par_1_3' title="bbox 326 580 1459 720">
     <span class='ocr_line' id='line_1_5' title="bbox 383 580 1459 631; baseline 0.002 -14"><span class='ocrx_word' id='word_1_22' title='bbox 383 581 488 618; x_wconf 83' lang='lat' dir='ltr'>Nero</span> <span class='ocrx_word' id='word_1_23' title='bbox 519 593 542 617; x_wconf 85' lang='lat' dir='ltr'>a</span> <span class='ocrx_word' id='word_1_24' title='bbox 573 580 783 630; x_wconf 76' lang='lat' dir='ltr'>Calpurnio</span> <span class='ocrx_word' id='word_1_25' title='bbox 814 584 929 630; x_wconf 82' lang='lat' dir='ltr'>pocta</span> <span class='ocrx_word' id='word_1_26' title='bbox 960 593 1043 619; x_wconf 91' lang='lat' dir='ltr'>cum</span> <span class='ocrx_word' id='word_1_27' title='bbox 1075 581 1168 619; x_wconf 83' lang='lat' dir='ltr'>Iove</span> <span class='ocrx_word' id='word_1_28' title='bbox 1198 584 1459 631; x_wconf 77' lang='lat' dir='ltr'>comparatur:</span> 
     </span>
     <span class='ocr_line' id='line_1_6' title="bbox 326 670 806 720; baseline 0 -11"><span class='ocrx_word' id='word_1_29' title='bbox 326 670 435 720; x_wconf 83' lang='lat' dir='ltr'>Calp.</span> <span class='ocrx_word' id='word_1_30' title='bbox 463 672 534 708; x_wconf 85' lang='lat' dir='ltr'>ecl.</span> <span class='ocrx_word' id='word_1_31' title='bbox 561 671 616 709; x_wconf 91' lang='lat' dir='ltr'>IV</span> <span class='ocrx_word' id='word_1_32' title='bbox 637 672 689 708; x_wconf 81' lang='lat'>82</span> <span class='ocrx_word' id='word_1_33' title='bbox 707 683 806 720; x_wconf 87' lang='lat' dir='ltr'>sqq.:</span> 
     </span>
    </p>
   </div>
   <div class='ocr_carea' id='block_1_4' title="bbox 463 761 1637 1084">
    <p class='ocr_par' dir='ltr' id='par_1_4' title="bbox 471 761 1637 880">
     <span class='ocr_line' id='line_1_7' title="bbox 471 761 1637 811; baseline 0.003 -12"><span class='ocrx_word' id='word_1_34' title='bbox 471 761 535 800; x_wconf 83' lang='lat' dir='ltr'>Ab</span> <span class='ocrx_word' id='word_1_35' title='bbox 566 762 658 800; x_wconf 69' lang='lat' dir='ltr'>Iove</span> <span class='ocrx_word' id='word_1_36' title='bbox 679 764 932 810; x_wconf 73' lang='lat' dir='ltr'>principiam,</span> <span class='ocrx_word' id='word_1_37' title='bbox 964 765 999 801; x_wconf 82' lang='lat' dir='ltr'>si</span> <span class='ocrx_word' id='word_1_38' title='bbox 1029 765 1115 811; x_wconf 74' lang='lat' dir='ltr'>qais</span> <span class='ocrx_word' id='word_1_39' title='bbox 1146 766 1267 801; x_wconf 75' lang='lat' dir='ltr'>canat</span> <span class='ocrx_word' id='word_1_40' title='bbox 1296 764 1465 809; x_wconf 74' lang='lat' dir='ltr'>(cethem,</span> <span class='ocrx_word' id='word_1_41' title='bbox 1496 767 1637 810; x_wconf 71' lang='lat' dir='ltr'>sumat,</span> 
     </span>
     <span class='ocr_line' id='line_1_8' title="bbox 472 829 1456 880; baseline 0.001 -12"><span class='ocrx_word' id='word_1_42' title='bbox 472 832 508 868; x_wconf 84' lang='lat' dir='ltr'>si</span> <span class='ocrx_word' id='word_1_43' title='bbox 538 832 624 878; x_wconf 75' lang='lat' dir='ltr'>qais</span> <span class='ocrx_word' id='word_1_44' title='bbox 653 829 880 869; x_wconf 69' lang='lat' dir='ltr'>Atlantiaci</span> <span class='ocrx_word' id='word_1_45' title='bbox 901 832 1060 879; x_wconf 70' lang='lat' dir='ltr'>pondus</span> <span class='ocrx_word' id='word_1_46' title='bbox 1089 832 1249 869; x_wconf 69' lang='lat' dir='ltr'>‘molitur</span> <span class='ocrx_word' id='word_1_47' title='bbox 1282 832 1456 880; x_wconf 72' lang='lat' dir='ltr'>Olympi:</span> 
     </span>
    </p>

    <p class='ocr_par' dir='ltr' id='par_1_5' title="bbox 463 900 1504 1016">
     <span class='ocr_line' id='line_1_9' title="bbox 474 900 1504 947; baseline 0.002 -11"><span class='ocrx_word' id='word_1_48' title='bbox 474 902 517 936; x_wconf 83' lang='lat' dir='ltr'>at</span> <span class='ocrx_word' id='word_1_49' title='bbox 545 900 651 944; x_wconf 74' lang='lat' dir='ltr'>milei,</span> <span class='ocrx_word' id='word_1_50' title='bbox 684 900 750 946; x_wconf 76' lang='lat' dir='ltr'>qui</span> <span class='ocrx_word' id='word_1_51' title='bbox 778 902 936 937; x_wconf 71' lang='lat' dir='ltr'>nostras</span> <span class='ocrx_word' id='word_1_52' title='bbox 958 901 1163 947; x_wconf 71' lang='lat' dir='ltr'>praesenti</span> <span class='ocrx_word' id='word_1_53' title='bbox 1191 901 1349 937; x_wconf 66' lang='lat' dir='ltr'>mimine</span> <span class='ocrx_word' id='word_1_54' title='bbox 1381 903 1504 938; x_wconf 77' lang='lat' dir='ltr'>terras</span> 
     </span>
     <span class='ocr_line' id='line_1_10' title="bbox 463 968 1425 1016; baseline 0.002 -12"><span class='ocrx_word' id='word_1_55' title='bbox 463 970 772 1015; x_wconf 65' lang='lat' dir='ltr'>peipetaamque</span> <span class='ocrx_word' id='word_1_56' title='bbox 801 969 901 1016; x_wconf 74' lang='lat' dir='ltr'>reyit</span> <span class='ocrx_word' id='word_1_57' title='bbox 931 969 1091 1006; x_wconf 71' lang='lat' dir='ltr'>iuvenili</span> <span class='ocrx_word' id='word_1_58' title='bbox 1119 968 1253 1006; x_wconf 81' lang='lat' dir='ltr'><em>robore</em></span> <span class='ocrx_word' id='word_1_59' title='bbox 1274 980 1425 1015; x_wconf 74' lang='lat' dir='ltr'>pacem,</span> 
     </span>
    </p>

    <p class='ocr_par' dir='ltr' id='par_1_6' title="bbox 475 1035 1305 1084">
     <span class='ocr_line' id='line_1_11' title="bbox 475 1035 1305 1084; baseline 0.002 -12"><span class='ocrx_word' id='word_1_60' title='bbox 475 1035 600 1073; x_wconf 70' lang='lat' dir='ltr'>laetas</span> <span class='ocrx_word' id='word_1_61' title='bbox 631 1039 669 1073; x_wconf 81' lang='lat' dir='ltr'>et</span> <span class='ocrx_word' id='word_1_62' title='bbox 698 1038 863 1084; x_wconf 56' lang='lat' dir='ltr'>augusto</span> <span class='ocrx_word' id='word_1_63' title='bbox 893 1036 990 1084; x_wconf 62' lang='lat' dir='ltr'>felioc:</span> <span class='ocrx_word' id='word_1_64' title='bbox 1021 1037 1204 1074; x_wconf 81' lang='lat' dir='ltr'>adrideat</span> <span class='ocrx_word' id='word_1_65' title='bbox 1233 1048 1305 1074; x_wconf 80' lang='lat' dir='ltr'>ore.</span> 
     </span>
    </p>
   </div>
   <div class='ocr_carea' id='block_1_5' title="bbox 323 1136 635 1186">
    <p class='ocr_par' dir='ltr' id='par_1_7' title="bbox 323 1136 635 1186">
     <span class='ocr_line' id='line_1_12' title="bbox 323 1136 635 1186; baseline 0 -12"><span class='ocrx_word' id='word_1_66' title='bbox 323 1136 412 1175; x_wconf 87' lang='lat' dir='ltr'>ibid.</span> <span class='ocrx_word' id='word_1_67' title='bbox 439 1136 516 1174; x_wconf 84' lang='lat'>142</span> <span class='ocrx_word' id='word_1_68' title='bbox 534 1148 616 1186; x_wconf 87' lang='lat' dir='ltr'>sqq.</span> <span class='ocrx_word' id='word_1_69' title='bbox 629 1150 635 1174; x_wconf 92' lang='lat'>:</span> 
     </span>
    </p>
   </div>
   <div class='ocr_carea' id='block_1_6' title="bbox 467 1228 1622 1414">
    <p class='ocr_par' dir='ltr' id='par_1_8' title="bbox 467 1228 1622 1414">
     <span class='ocr_line' id='line_1_13' title="bbox 473 1228 1426 1277; baseline 0.003 -13"><span class='ocrx_word' id='word_1_70' title='bbox 473 1230 514 1265; x_wconf 75' lang='lat' dir='ltr'>ta</span> <span class='ocrx_word' id='word_1_71' title='bbox 542 1228 656 1265; x_wconf 78' lang='lat' dir='ltr'>modo</span> <span class='ocrx_word' id='word_1_72' title='bbox 686 1230 843 1265; x_wconf 72' lang='lat' dir='ltr'>mutata</span> <span class='ocrx_word' id='word_1_73' title='bbox 873 1240 940 1266; x_wconf 81' lang='lat' dir='ltr'>sea</span> <span class='ocrx_word' id='word_1_74' title='bbox 969 1228 1148 1276; x_wconf 77' lang='lat' dir='ltr'>Iuppiter</span> <span class='ocrx_word' id='word_1_75' title='bbox 1176 1229 1258 1276; x_wconf 77' lang='lat' dir='ltr'>ipse</span> <span class='ocrx_word' id='word_1_76' title='bbox 1286 1229 1426 1277; x_wconf 63' lang='lat' dir='ltr'>flaura,</span> 
     </span>
     <span class='ocr_line' id='line_1_14' title="bbox 472 1294 1622 1346; baseline 0.002 -13"><span class='ocrx_word' id='word_1_77' title='bbox 472 1294 628 1341; x_wconf 79' lang='lat' dir='ltr'>Caesar,</span> <span class='ocrx_word' id='word_1_78' title='bbox 661 1296 754 1334; x_wconf 77' lang='lat' dir='ltr'>ades</span> <span class='ocrx_word' id='word_1_79' title='bbox 784 1308 852 1334; x_wconf 75' lang='lat' dir='ltr'>sea</span> <span class='ocrx_word' id='word_1_80' title='bbox 883 1298 969 1344; x_wconf 74' lang='lat' dir='ltr'>quis</span> <span class='ocrx_word' id='word_1_81' title='bbox 999 1308 1181 1344; x_wconf 67' lang='lat' dir='ltr'>superum</span> <span class='ocrx_word' id='word_1_82' title='bbox 1211 1298 1281 1335; x_wconf 82' lang='lat' dir='ltr'>sub</span> <span class='ocrx_word' id='word_1_83' title='bbox 1313 1298 1482 1346; x_wconf 71' lang='lat' dir='ltr'>imayine</span> <span class='ocrx_word' id='word_1_84' title='bbox 1510 1298 1622 1345; x_wconf 81' lang='lat' dir='ltr'><em>falsa</em></span> 
     </span>
     <span class='ocr_line' id='line_1_15' title="bbox 467 1365 1296 1414; baseline 0.001 -13"><span class='ocrx_word' id='word_1_85' title='bbox 467 1365 701 1411; x_wconf 73' lang='lat' dir='ltr'>mortalique</span> <span class='ocrx_word' id='word_1_86' title='bbox 735 1365 832 1402; x_wconf 82' lang='lat' dir='ltr'>lates</span> <span class='ocrx_word' id='word_1_87' title='bbox 864 1365 922 1413; x_wconf 86' lang='lat' dir='ltr'>(es</span> <span class='ocrx_word' id='word_1_88' title='bbox 954 1366 1055 1402; x_wconf 75' lang='lat' dir='ltr'>enim</span> <span class='ocrx_word' id='word_1_89' title='bbox 1087 1366 1197 1414; x_wconf 74' lang='lat' dir='ltr'>(Zeus)</span> <span class='ocrx_word' id='word_1_90' title='bbox 1227 1395 1235 1403; x_wconf 87' lang='lat'><strong>.</strong></span> <span class='ocrx_word' id='word_1_91' title='bbox 1258 1395 1265 1402; x_wconf 93' lang='lat'><strong>.</strong></span> <span class='ocrx_word' id='word_1_92' title='bbox 1288 1395 1296 1403; x_wconf 91' lang='lat'><strong>.</strong></span> 
     </span>
    </p>
   </div>
   <div class='ocr_carea' id='block_1_7' title="bbox 264 1467 1761 1789">
    <p class='ocr_par' dir='ltr' id='par_1_9' title="bbox 264 1467 1761 1789">
     <span class='ocr_line' id='line_1_16' title="bbox 380 1467 1761 1518; baseline 0.002 -15"><span class='ocrx_word' id='word_1_93' title='bbox 380 1467 623 1504; x_wconf 84' lang='lat' dir='ltr'>Domitianus</span> <span class='ocrx_word' id='word_1_94' title='bbox 677 1479 830 1515; x_wconf 86' lang='lat' dir='ltr'>quoque</span> <span class='ocrx_word' id='word_1_95' title='bbox 886 1480 909 1504; x_wconf 84' lang='lat' dir='ltr'><strong>a</strong></span> <span class='ocrx_word' id='word_1_96' title='bbox 962 1469 1087 1516; x_wconf 82' lang='lat' dir='ltr'>poetis</span> <span class='ocrx_word' id='word_1_97' title='bbox 1142 1468 1372 1516; x_wconf 83' lang='lat' dir='ltr'>aequalibus</span> <span class='ocrx_word' id='word_1_98' title='bbox 1427 1480 1544 1518; x_wconf 79' lang='lat' dir='ltr'>saepe</span> <span class='ocrx_word' id='word_1_99' title='bbox 1600 1472 1761 1506; x_wconf 81' lang='lat' dir='ltr'>vocatur</span> 
     </span>
     <span class='ocr_line' id='line_1_17' title="bbox 264 1533 1760 1583; baseline 0.002 -12"><span class='ocrx_word' id='word_1_100' title='bbox 264 1535 447 1583; x_wconf 84' lang='lat' dir='ltr'>Iuppiter.</span> <span class='ocrx_word' id='word_1_101' title='bbox 526 1533 590 1572; x_wconf 82' lang='lat' dir='ltr'>Ab</span> <span class='ocrx_word' id='word_1_102' title='bbox 634 1535 728 1573; x_wconf 74' lang='lat' dir='ltr'>Iove</span> <span class='ocrx_word' id='word_1_103' title='bbox 767 1537 1009 1583; x_wconf 70' lang='lat' dir='ltr'>principiam</span> <span class='ocrx_word' id='word_1_104' title='bbox 1053 1535 1195 1574; x_wconf 82' lang='lat' dir='ltr'>Statius</span> <span class='ocrx_word' id='word_1_105' title='bbox 1247 1536 1338 1574; x_wconf 87' lang='lat' dir='ltr'>dicit</span> <span class='ocrx_word' id='word_1_106' title='bbox 1382 1536 1432 1574; x_wconf 82' lang='lat' dir='ltr'>ad</span> <span class='ocrx_word' id='word_1_107' title='bbox 1476 1536 1626 1574; x_wconf 87' lang='lat' dir='ltr'>initium</span> <span class='ocrx_word' id='word_1_108' title='bbox 1671 1537 1760 1575; x_wconf 87' lang='lat' dir='ltr'>libri</span> 
     </span>
     <span class='ocr_line' id='line_1_18' title="bbox 265 1603 1759 1654; baseline 0.003 -15"><span class='ocrx_word' id='word_1_109' title='bbox 265 1603 476 1640; x_wconf 82' lang='lat' dir='ltr'>carminum</span> <span class='ocrx_word' id='word_1_110' title='bbox 507 1606 685 1652; x_wconf 85' lang='lat' dir='ltr'>spectans</span> <span class='ocrx_word' id='word_1_111' title='bbox 724 1604 873 1652; x_wconf 86' lang='lat' dir='ltr'>(Silv.I</span> <span class='ocrx_word' id='word_1_112' title='bbox 905 1603 1026 1653; x_wconf 84' lang='lat' dir='ltr'>praef.</span> <span class='ocrx_word' id='word_1_113' title='bbox 1052 1604 1102 1641; x_wconf 87' lang='lat'>15</span> <span class='ocrx_word' id='word_1_114' title='bbox 1134 1605 1343 1653; x_wconf 83' lang='lat' dir='ltr'>Vollmer),</span> <span class='ocrx_word' id='word_1_115' title='bbox 1380 1616 1455 1652; x_wconf 90' lang='lat' dir='ltr'>quo</span> <span class='ocrx_word' id='word_1_116' title='bbox 1487 1606 1534 1652; x_wconf 92' lang='lat' dir='ltr'>(c.</span> <span class='ocrx_word' id='word_1_117' title='bbox 1555 1606 1588 1653; x_wconf 96' lang='lat' dir='ltr'>I)</span> <span class='ocrx_word' id='word_1_118' title='bbox 1620 1617 1759 1654; x_wconf 87' lang='lat' dir='ltr'>equum</span> 
     </span>
     <span class='ocr_line' id='line_1_19' title="bbox 265 1671 1759 1722; baseline 0.002 -14"><span class='ocrx_word' id='word_1_119' title='bbox 265 1671 472 1708; x_wconf 84' lang='lat' dir='ltr'>maximum</span> <span class='ocrx_word' id='word_1_120' title='bbox 514 1671 725 1709; x_wconf 84' lang='lat' dir='ltr'>Domitiani</span> <span class='ocrx_word' id='word_1_121' title='bbox 764 1672 909 1709; x_wconf 82' lang='lat' dir='ltr'>laudat.</span> <span class='ocrx_word' id='word_1_122' title='bbox 978 1673 1026 1710; x_wconf 89' lang='lat' dir='ltr'>Ei</span> <span class='ocrx_word' id='word_1_123' title='bbox 1066 1673 1240 1722; x_wconf 84' lang='lat' dir='ltr'>Iuppiter</span> <span class='ocrx_word' id='word_1_124' title='bbox 1279 1675 1320 1710; x_wconf 87' lang='lat' dir='ltr'>ut</span> <span class='ocrx_word' id='word_1_125' title='bbox 1358 1673 1504 1711; x_wconf 84' lang='lat' dir='ltr'>vicario</span> <span class='ocrx_word' id='word_1_126' title='bbox 1546 1685 1613 1711; x_wconf 90' lang='lat' dir='ltr'>suo</span> <span class='ocrx_word' id='word_1_127' title='bbox 1653 1686 1759 1711; x_wconf 89' lang='lat' dir='ltr'>man-</span> 
     </span>
     <span class='ocr_line' id='line_1_20' title="bbox 266 1739 838 1789; baseline 0.002 -13"><span class='ocrx_word' id='word_1_128' title='bbox 266 1739 373 1776; x_wconf 85' lang='lat' dir='ltr'>davit</span> <span class='ocrx_word' id='word_1_129' title='bbox 402 1740 603 1789; x_wconf 78' lang='lat' dir='ltr'>imperium</span> <span class='ocrx_word' id='word_1_130' title='bbox 634 1742 838 1777; x_wconf 80' lang='lat' dir='ltr'>terrarum:</span> 
     </span>
    </p>
   </div>
   <div class='ocr_carea' id='block_1_8' title="bbox 323 1829 858 1878">
    <p class='ocr_par' dir='ltr' id='par_1_10' title="bbox 323 1829 858 1878">
     <span class='ocr_line' id='line_1_21' title="bbox 323 1829 858 1878; baseline 0.002 -12"><span class='ocrx_word' id='word_1_131' title='bbox 323 1829 416 1867; x_wconf 82' lang='lat' dir='ltr'><strong>Stat.</strong></span> <span class='ocrx_word' id='word_1_132' title='bbox 443 1830 531 1866; x_wconf 86' lang='lat' dir='ltr'>silv.</span> <span class='ocrx_word' id='word_1_133' title='bbox 558 1830 611 1867; x_wconf 92' lang='lat' dir='ltr'>IV</span> <span class='ocrx_word' id='word_1_134' title='bbox 634 1829 670 1877; x_wconf 82' lang='lat'>3,</span> <span class='ocrx_word' id='word_1_135' title='bbox 692 1830 769 1867; x_wconf 81' lang='lat'>128</span> <span class='ocrx_word' id='word_1_136' title='bbox 787 1841 858 1878; x_wconf 88' lang='lat' dir='ltr'>sq.:</span> 
     </span>
    </p>
   </div>
   <div class='ocr_carea' id='block_1_9' title="bbox 462 1921 1276 2037">
    <p class='ocr_par' dir='ltr' id='par_1_11' title="bbox 462 1921 1276 2037">
     <span class='ocr_line' id='line_1_22' title="bbox 471 1921 1276 1966; baseline 0.004 -9"><span class='ocrx_word' id='word_1_137' title='bbox 471 1921 542 1958; x_wconf 72' lang='lat' dir='ltr'>en!</span> <span class='ocrx_word' id='word_1_138' title='bbox 573 1921 634 1958; x_wconf 77' lang='lat' dir='ltr'>hic</span> <span class='ocrx_word' id='word_1_139' title='bbox 664 1923 722 1959; x_wconf 83' lang='lat' dir='ltr'>est</span> <span class='ocrx_word' id='word_1_140' title='bbox 752 1921 855 1966; x_wconf 77' lang='lat' dir='ltr'>deas,</span> <span class='ocrx_word' id='word_1_141' title='bbox 887 1921 989 1959; x_wconf 77' lang='lat' dir='ltr'>leuno</span> <span class='ocrx_word' id='word_1_142' title='bbox 1018 1923 1123 1959; x_wconf 73' lang='lat' dir='ltr'>iubet</span> <span class='ocrx_word' id='word_1_143' title='bbox 1153 1923 1276 1960; x_wconf 77' lang='lat' dir='ltr'>beatis</span> 
     </span>
     <span class='ocr_line' id='line_1_23' title="bbox 462 1989 1190 2037; baseline 0.001 -11"><span class='ocrx_word' id='word_1_144' title='bbox 462 2001 539 2036; x_wconf 73' lang='lat' dir='ltr'>pro</span> <span class='ocrx_word' id='word_1_145' title='bbox 570 2001 611 2027; x_wconf 79' lang='lat' dir='ltr'>se</span> <span class='ocrx_word' id='word_1_146' title='bbox 639 1989 819 2037; x_wconf 73' lang='lat' dir='ltr'>Iuppiter</span> <span class='ocrx_word' id='word_1_147' title='bbox 846 1991 1037 2037; x_wconf 47' lang='lat' dir='ltr'>‘imperare</span> <span class='ocrx_word' id='word_1_148' title='bbox 1070 1992 1190 2029; x_wconf 64' lang='lat' dir='ltr'>terrers.</span> 
     </span>
    </p>
   </div>
   <div class='ocr_carea' id='block_1_10' title="bbox 265 2077 1761 2334">
    <p class='ocr_par' dir='ltr' id='par_1_12' title="bbox 265 2077 1761 2334">
     <span class='ocr_line' id='line_1_24' title="bbox 265 2077 1761 2131; baseline 0.003 -15"><span class='ocrx_word' id='word_1_149' title='bbox 265 2077 436 2126; x_wconf 66' lang='lat' dir='ltr'>Antiqui</span> <span class='ocrx_word' id='word_1_150' title='bbox 461 2080 566 2118; x_wconf 62' lang='lat' dir='ltr'>Iovis</span> <span class='ocrx_word' id='word_1_151' title='bbox 598 2092 834 2127; x_wconf 71' lang='lat' dir='ltr'>amemnque</span> <span class='ocrx_word' id='word_1_152' title='bbox 866 2084 1012 2128; x_wconf 72' lang='lat' dir='ltr'>tempas</span> <span class='ocrx_word' id='word_1_153' title='bbox 1044 2081 1152 2129; x_wconf 75' lang='lat' dir='ltr'>(Stat.</span> <span class='ocrx_word' id='word_1_154' title='bbox 1175 2083 1260 2119; x_wconf 86' lang='lat' dir='ltr'>silv.</span> <span class='ocrx_word' id='word_1_155' title='bbox 1283 2083 1300 2120; x_wconf 94' lang='lat' dir='ltr'>I</span> <span class='ocrx_word' id='word_1_156' title='bbox 1323 2084 1357 2129; x_wconf 87' lang='lat'>6,</span> <span class='ocrx_word' id='word_1_157' title='bbox 1374 2082 1443 2131; x_wconf 87' lang='lat'>40)</span> <span class='ocrx_word' id='word_1_158' title='bbox 1474 2082 1598 2129; x_wconf 81' lang='lat' dir='ltr'>rediit,</span> <span class='ocrx_word' id='word_1_159' title='bbox 1628 2085 1761 2121; x_wconf 70' lang='lat' dir='ltr'>noster</span> 
     </span>
     <span class='ocr_line' id='line_1_25' title="bbox 266 2148 1759 2198; baseline 0.002 -13"><span class='ocrx_word' id='word_1_160' title='bbox 266 2148 445 2196; x_wconf 66' lang='lat' dir='ltr'>Iuppiter</span> <span class='ocrx_word' id='word_1_161' title='bbox 465 2148 572 2185; x_wconf 85' lang='lat' dir='ltr'>audit</span> <span class='ocrx_word' id='word_1_162' title='bbox 593 2149 801 2197; x_wconf 80' lang='lat' dir='ltr'>imperator</span> <span class='ocrx_word' id='word_1_163' title='bbox 822 2149 931 2198; x_wconf 78' lang='lat' dir='ltr'>(Stat.</span> <span class='ocrx_word' id='word_1_164' title='bbox 949 2150 1036 2186; x_wconf 89' lang='lat' dir='ltr'>silv.</span> <span class='ocrx_word' id='word_1_165' title='bbox 1052 2149 1070 2186; x_wconf 92' lang='lat' dir='ltr'>I</span> <span class='ocrx_word' id='word_1_166' title='bbox 1089 2151 1123 2196; x_wconf 88' lang='lat'>6,</span> <span class='ocrx_word' id='word_1_167' title='bbox 1137 2151 1206 2195; x_wconf 78' lang='lat'>273</span> <span class='ocrx_word' id='word_1_168' title='bbox 1228 2150 1402 2188; x_wconf 62' lang='grc' dir='ltr'>Μαι-ΗΠ</span> <span class='ocrx_word' id='word_1_169' title='bbox 1418 2151 1478 2197; x_wconf 83' lang='grc'>10,</span> <span class='ocrx_word' id='word_1_170' title='bbox 1491 2152 1532 2196; x_wconf 87' lang='grc'>9;</span> <span class='ocrx_word' id='word_1_171' title='bbox 1549 2151 1622 2188; x_wconf 89' lang='lat' dir='ltr'>VH</span> <span class='ocrx_word' id='word_1_172' title='bbox 1638 2150 1702 2197; x_wconf 84' lang='lat'>56,</span> <span class='ocrx_word' id='word_1_173' title='bbox 1716 2151 1759 2196; x_wconf 82' lang='lat'>43</span> 
     </span>
     <span class='ocr_line' id='line_1_26' title="bbox 269 2216 1759 2267; baseline 0.002 -14"><span class='ocrx_word' id='word_1_174' title='bbox 269 2216 358 2253; x_wconf 87' lang='lat' dir='ltr'>XIV</span> <span class='ocrx_word' id='word_1_175' title='bbox 374 2216 460 2265; x_wconf 80' lang='lat'>1,2)</span> <span class='ocrx_word' id='word_1_176' title='bbox 487 2217 551 2254; x_wconf 79' lang='lat' dir='ltr'>vel</span> <span class='ocrx_word' id='word_1_177' title='bbox 577 2216 722 2254; x_wconf 75' lang='lat' dir='ltr'>Latias</span> <span class='ocrx_word' id='word_1_178' title='bbox 749 2218 875 2264; x_wconf 88' lang='lat' dir='ltr'>(Mart.</span> <span class='ocrx_word' id='word_1_179' title='bbox 896 2217 950 2254; x_wconf 85' lang='lat' dir='ltr'>IX</span> <span class='ocrx_word' id='word_1_180' title='bbox 969 2217 1085 2267; x_wconf 84' lang='lat'>65,1)</span> <span class='ocrx_word' id='word_1_181' title='bbox 1114 2221 1179 2255; x_wconf 79' lang='lat' dir='ltr'>aut</span> <span class='ocrx_word' id='word_1_182' title='bbox 1206 2218 1419 2256; x_wconf 72' lang='lat' dir='ltr'>Palatinas</span> <span class='ocrx_word' id='word_1_183' title='bbox 1448 2218 1608 2257; x_wconf 79' lang='lat' dir='ltr'>Tomms</span> <span class='ocrx_word' id='word_1_184' title='bbox 1634 2219 1759 2266; x_wconf 83' lang='lat' dir='ltr'>(Mart.</span> 
     </span>
     <span class='ocr_line' id='line_1_27' title="bbox 267 2284 1759 2334; baseline 0.001 -13"><span class='ocrx_word' id='word_1_185' title='bbox 267 2284 322 2321; x_wconf 90' lang='lat' dir='ltr'>IX</span> <span class='ocrx_word' id='word_1_186' title='bbox 340 2285 468 2332; x_wconf 85' lang='lat'>39,1).</span> <span class='ocrx_word' id='word_1_187' title='bbox 509 2285 611 2322; x_wconf 85' lang='lat' dir='ltr'>Aliis</span> <span class='ocrx_word' id='word_1_188' title='bbox 634 2286 731 2323; x_wconf 89' lang='lat' dir='ltr'>locis</span> <span class='ocrx_word' id='word_1_189' title='bbox 755 2286 977 2334; x_wconf 79' lang='lat' dir='ltr'>appellatur</span> <span class='ocrx_word' id='word_1_190' title='bbox 1001 2287 1168 2334; x_wconf 73' lang='lat' dir='ltr'>simplici</span> <span class='ocrx_word' id='word_1_191' title='bbox 1188 2287 1341 2324; x_wconf 83' lang='lat' dir='ltr'>nomine</span> <span class='ocrx_word' id='word_1_192' title='bbox 1362 2287 1464 2325; x_wconf 79' lang='lat' dir='ltr'>Iovis</span> <span class='ocrx_word' id='word_1_193' title='bbox 1485 2287 1549 2324; x_wconf 85' lang='lat' dir='ltr'>vel</span> <span class='ocrx_word' id='word_1_194' title='bbox 1570 2286 1759 2324; x_wconf 84' lang='lat' dir='ltr'>Tonantis</span> 
     </span>
    </p>
   </div>
   <div class='ocr_carea' id='block_1_11' title="bbox 336 2453 1052 2498">
    <p class='ocr_par' dir='ltr' id='par_1_13' title="bbox 336 2453 1052 2498">
     <span class='ocr_line' id='line_1_28' title="bbox 336 2453 1052 2498; baseline 0.001 -11"><span class='ocrx_word' id='word_1_195' title='bbox 336 2453 509 2488; x_wconf 82' lang='lat' dir='ltr'>Prudent.</span> <span class='ocrx_word' id='word_1_196' title='bbox 535 2456 658 2488; x_wconf 85' lang='lat' dir='ltr'>contra</span> <span class='ocrx_word' id='word_1_197' title='bbox 682 2453 814 2498; x_wconf 90' lang='lat' dir='ltr'>Symm.</span> <span class='ocrx_word' id='word_1_198' title='bbox 840 2454 857 2488; x_wconf 91' lang='lat' dir='ltr'>I</span> <span class='ocrx_word' id='word_1_199' title='bbox 877 2456 941 2488; x_wconf 79' lang='lat'>249</span> <span class='ocrx_word' id='word_1_200' title='bbox 955 2464 1052 2498; x_wconf 87' lang='lat' dir='ltr'>sqq.:</span> 
     </span>
    </p>
   </div>
   <div class='ocr_carea' id='block_1_12' title="bbox 539 2532 1554 2691">
    <p class='ocr_par' dir='ltr' id='par_1_14' title="bbox 539 2532 1554 2691">
     <span class='ocr_line' id='line_1_29' title="bbox 540 2532 1398 2576; baseline 0.001 -10"><span class='ocrx_word' id='word_1_201' title='bbox 540 2534 720 2567; x_wconf 74' lang='lat' dir='ltr'>testantur</span> <span class='ocrx_word' id='word_1_202' title='bbox 744 2532 856 2576; x_wconf 72' lang='lat' dir='ltr'>titali,</span> <span class='ocrx_word' id='word_1_203' title='bbox 878 2533 1041 2576; x_wconf 76' lang='lat' dir='ltr'>prodant</span> <span class='ocrx_word' id='word_1_204' title='bbox 1065 2533 1228 2568; x_wconf 76' lang='lat' dir='ltr'>consalta</span> <span class='ocrx_word' id='word_1_205' title='bbox 1252 2535 1398 2568; x_wconf 75' lang='lat' dir='ltr'>senatus</span> 
     </span>
     <span class='ocr_line' id='line_1_30' title="bbox 540 2589 1554 2634; baseline 0.001 -11"><span class='ocrx_word' id='word_1_206' title='bbox 540 2589 754 2624; x_wconf 80' lang='lat' dir='ltr'>Caesareum</span> <span class='ocrx_word' id='word_1_207' title='bbox 779 2589 880 2624; x_wconf 75' lang='lat' dir='ltr'>Iovis</span> <span class='ocrx_word' id='word_1_208' title='bbox 905 2590 952 2624; x_wconf 77' lang='lat' dir='ltr'>acl</span> <span class='ocrx_word' id='word_1_209' title='bbox 974 2590 1126 2634; x_wconf 69' lang='lat' dir='ltr'>speciem</span> <span class='ocrx_word' id='word_1_210' title='bbox 1149 2591 1350 2625; x_wconf 74' lang='lat' dir='ltr'>statuentia</span> <span class='ocrx_word' id='word_1_211' title='bbox 1374 2590 1554 2634; x_wconf 74' lang='lat' dir='ltr'>templum,</span> 
     </span>
     <span class='ocr_line' id='line_1_31' title="bbox 539 2645 1350 2691; baseline 0.001 -11"><span class='ocrx_word' id='word_1_212' title='bbox 539 2645 698 2680; x_wconf 79' lang='lat' dir='ltr'>adiecere</span> <span class='ocrx_word' id='word_1_213' title='bbox 720 2656 864 2681; x_wconf 75' lang='lat' dir='ltr'>sacram</span> <span class='ocrx_word' id='word_1_214' title='bbox 887 2646 986 2691; x_wconf 80' lang='lat' dir='ltr'>fieret</span> <span class='ocrx_word' id='word_1_215' title='bbox 1011 2658 1080 2691; x_wconf 79' lang='lat' dir='ltr'>quo</span> <span class='ocrx_word' id='word_1_216' title='bbox 1104 2647 1219 2682; x_wconf 78' lang='lat' dir='ltr'>Livia</span> <span class='ocrx_word' id='word_1_217' title='bbox 1242 2646 1350 2681; x_wconf 76' lang='lat' dir='ltr'>Iuno.</span> 
     </span>
    </p>
   </div>
   <div class='ocr_carea' id='block_1_13' title="bbox 267 2725 1758 2930">
    <p class='ocr_par' dir='ltr' id='par_1_15' title="bbox 267 2725 1758 2930">
     <span class='ocr_line' id='line_1_32' title="bbox 268 2725 1758 2770; baseline 0.001 -11"><span class='ocrx_word' id='word_1_218' title='bbox 268 2725 487 2760; x_wconf 82' lang='lat' dir='ltr'>Prudentius</span> <span class='ocrx_word' id='word_1_219' title='bbox 522 2729 656 2770; x_wconf 84' lang='lat' dir='ltr'>quanto</span> <span class='ocrx_word' id='word_1_220' title='bbox 691 2730 766 2760; x_wconf 81' lang='lat' dir='ltr'>crat</span> <span class='ocrx_word' id='word_1_221' title='bbox 799 2726 884 2761; x_wconf 91' lang='lat' dir='ltr'>odio</span> <span class='ocrx_word' id='word_1_222' title='bbox 917 2736 1139 2770; x_wconf 83' lang='lat' dir='ltr'>paganorum</span> <span class='ocrx_word' id='word_1_223' title='bbox 1170 2726 1345 2769; x_wconf 88' lang='lat' dir='ltr'>imbutus,</span> <span class='ocrx_word' id='word_1_224' title='bbox 1378 2736 1459 2760; x_wconf 90' lang='lat' dir='ltr'>cum</span> <span class='ocrx_word' id='word_1_225' title='bbox 1492 2725 1538 2760; x_wconf 84' lang='lat' dir='ltr'>de</span> <span class='ocrx_word' id='word_1_226' title='bbox 1571 2725 1758 2760; x_wconf 79' lang='lat' dir='ltr'>divinitate</span> 
     </span>
     <span class='ocr_line' id='line_1_33' title="bbox 268 2781 1756 2827; baseline 0 -11"><span class='ocrx_word' id='word_1_227' title='bbox 268 2781 380 2816; x_wconf 83' lang='lat' dir='ltr'>verba</span> <span class='ocrx_word' id='word_1_228' title='bbox 410 2781 531 2817; x_wconf 81' lang='lat' dir='ltr'>facere</span> <span class='ocrx_word' id='word_1_229' title='bbox 561 2781 689 2826; x_wconf 85' lang='lat' dir='ltr'>vellet,</span> <span class='ocrx_word' id='word_1_230' title='bbox 721 2792 792 2817; x_wconf 89' lang='lat' dir='ltr'>non</span> <span class='ocrx_word' id='word_1_231' title='bbox 824 2782 857 2816; x_wconf 89' lang='lat' dir='ltr'>in</span> <span class='ocrx_word' id='word_1_232' title='bbox 887 2783 1094 2817; x_wconf 87' lang='lat' dir='ltr'>universum</span> <span class='ocrx_word' id='word_1_233' title='bbox 1125 2782 1231 2827; x_wconf 79' lang='lat' dir='ltr'>deos,</span> <span class='ocrx_word' id='word_1_234' title='bbox 1263 2782 1329 2817; x_wconf 82' lang='lat' dir='ltr'>sed</span> <span class='ocrx_word' id='word_1_235' title='bbox 1359 2782 1462 2827; x_wconf 83' lang='lat' dir='ltr'>quasi</span> <span class='ocrx_word' id='word_1_236' title='bbox 1492 2781 1648 2826; x_wconf 83' lang='lat' dir='ltr'>exempli</span> <span class='ocrx_word' id='word_1_237' title='bbox 1674 2782 1756 2817; x_wconf 89' lang='lat' dir='ltr'>loco</span> 
     </span>
     <span class='ocr_line' id='line_1_34' title="bbox 267 2837 1758 2884; baseline 0.002 -12"><span class='ocrx_word' id='word_1_238' title='bbox 267 2837 391 2873; x_wconf 84' lang='lat' dir='ltr'>Iovem</span> <span class='ocrx_word' id='word_1_239' title='bbox 417 2842 452 2873; x_wconf 80' lang='lat' dir='ltr'>et</span> <span class='ocrx_word' id='word_1_240' title='bbox 476 2839 649 2874; x_wconf 84' lang='lat' dir='ltr'>Iunonem</span> <span class='ocrx_word' id='word_1_241' title='bbox 674 2838 804 2882; x_wconf 85' lang='lat' dir='ltr'>attulit,</span> <span class='ocrx_word' id='word_1_242' title='bbox 830 2848 901 2884; x_wconf 82' lang='lat' dir='ltr'>qua</span> <span class='ocrx_word' id='word_1_243' title='bbox 925 2838 1168 2884; x_wconf 79' lang='lat' dir='ltr'>appellatione</span> <span class='ocrx_word' id='word_1_244' title='bbox 1194 2838 1377 2875; x_wconf 81' lang='lat' dir='ltr'>temeritas</span> <span class='ocrx_word' id='word_1_245' title='bbox 1402 2848 1623 2884; x_wconf 81' lang='lat' dir='ltr'>paganorum</span> <span class='ocrx_word' id='word_1_246' title='bbox 1647 2838 1758 2875; x_wconf 84' lang='lat' dir='ltr'>maior</span> 
     </span>
     <span class='ocr_line' id='line_1_35' title="bbox 267 2894 463 2930; baseline 0.005 -1"><span class='ocrx_word' id='word_1_247' title='bbox 267 2894 463 2930; x_wconf 86' lang='lat' dir='ltr'>videretur.</span> 
     </span>
    </p>
   </div>
  </div>
 </body>
</html>
