1992 3261
304 256 384 294 326

304 370 511 408 Caracalla
540 370 579 407 in
611 381 764 408 nummo
797 369 1027 418 Ancyrano:

360 483 433 512 nr.
459 470 538 513 122
570 491 622 504 =
653 472 839 519 Imh.-Bl.,
870 473 934 511 Kl.
956 473 1005 510 Μ.
1036 485 1073 522 p.
1094 473 1188 520 495,
1206 473 1241 520 2,

302 575 495 613 Antinous
526 575 565 612 in
597 586 750 613 nummo
782 573 953 633 eiusdem
985 574 1137 624 oppidi:

359 687 432 716 nr.
457 674 537 717 123
568 695 621 708 =
652 678 826 715 Mionnet
855 676 911 714 IV
940 688 977 726 p.
999 678 1078 714 221
1112 689 1169 715 nr.
1195 678 1284 715 160.

303 779 359 819 Of.
390 779 637 818 Dietrichson
666 780 693 818 l.
714 792 744 818 e.
776 792 811 828 p.
835 780 916 817 293
947 792 1002 818 nr.
1026 780 1090 818 25.

303 969 448 1005 Veneris
473 969 676 1004 Genetricis
695 971 824 1014 postea
849 969 1039 1004 dedicavit.
1088 970 1225 1005 Eadem
1251 970 1361 1005 tradit
1384 970 1475 1005 Plin.
1499 981 1532 1005 n.
1557 970 1590 1004 h.
1616 969 1707 1006 VIII
1735 973 1797 1005 155

300 1038 364 1061 ozee
381 1026 549 1061 Caesaris
574 1026 765 1061 dictatoris
789 1037 1001 1071 quemquam
1025 1026 1140 1061 alium
1163 1027 1336 1072 recepisse
1360 1027 1464 1062 dorso
1490 1037 1600 1072 equus
1624 1027 1797 1071 traditur,

300 1084 462 1128 idemque
486 1083 655 1117 humanis
678 1083 815 1117 similes
833 1084 942 1129 pedes
961 1083 1106 1128 priores
1131 1084 1306 1128 habuisse,
1333 1084 1398 1119 hac
1422 1084 1543 1130 effigie
1561 1084 1698 1120 locatus
1715 1086 1799 1119 ante

302 1141 446 1176 Veneris
484 1140 688 1175 Genetricis
724 1140 853 1175 aedem.
910 1141 1021 1176 Cuius
1057 1141 1235 1176 simulacri
1269 1141 1460 1186 imaginem
1497 1141 1662 1176 Roseher
1695 1144 1800 1186 putat

301 1198 457 1232 Nicaeae
488 1197 647 1242 positum
682 1208 777 1242 esse,
810 1208 890 1232 cum
923 1197 1099 1242 templum
1125 1208 1272 1243 quoque
1296 1198 1440 1233 Caesari
1465 1198 1515 1234 ibi
1539 1198 1587 1234 sit
1611 1198 1798 1233 decretum

301 1258 397 1289 teste
423 1254 522 1290 Cass.
548 1255 666 1289 Dione
690 1254 738 1288 LI
763 1257 817 1299 20,
835 1258 866 1289 6.
914 1255 1112 1290 Victoriam
1144 1254 1325 1290 adiectam
1350 1265 1431 1290 esse
1455 1259 1666 1300 propterea,
1699 1254 1800 1300 quod

304 1312 447 1355 Caesar,
478 1315 673 1356 postquam
697 1311 915 1346 Pharnacem
940 1311 1069 1346 vicerit
1101 1312 1207 1356 (anno
1233 1312 1302 1355 47),
1333 1322 1400 1356 per
1423 1312 1627 1357 Bithyniam
1651 1311 1801 1346 redierit

303 1368 416 1412 (Cass.
442 1368 511 1403 Dio
536 1368 638 1402 XLII
663 1371 717 1412 49,
738 1369 782 1412 1),
816 1379 890 1413 quo
922 1369 958 1403 in
988 1369 1115 1404 itinere
1147 1379 1227 1404 eum
1251 1369 1421 1404 Nicaeam
1446 1368 1567 1404 adisse
1591 1369 1668 1404 veri
1691 1367 1801 1404 simil-

302 1425 425 1460 limum
450 1425 498 1460 sit
521 1425 611 1469 (Cic.
635 1425 682 1460 ad
705 1423 781 1460 Att.
806 1425 894 1460 XIV
922 1429 949 1470 1,
968 1425 1015 1470 2).

415 1482 605 1518 Roschero
631 1482 829 1517 adsentitur
854 1482 911 1518 W.
929 1483 975 1517 M.
994 1483 1156 1528 Ramsay
1180 1483 1309 1527 (Cities
1332 1483 1404 1518 and
1421 1483 1624 1528 bishoprics
1641 1482 1657 1517 I
1678 1493 1712 1527 p.
1731 1483 1800 1527 54).

303 1539 343 1573 In
362 1539 576 1573 contrariam
593 1542 732 1583 partem
751 1538 913 1583 disputat
929 1539 987 1574 W.
1001 1539 1158 1574 Drexler
1174 1539 1355 1582 (Roscher
1371 1539 1407 1573 ΙΙ
1425 1542 1512 1574 ’2693
1523 1550 1602 1584 sqq.
1622 1542 1707 1574 2755
1718 1540 1800 1583 sq.),

305 1597 367 1641 qui
393 1606 524 1640 equum
550 1599 655 1640 putat
679 1596 808 1629 animal
832 1606 912 1631 esse
928 1595 1132 1631 fabulosum
1151 1606 1195 1630 ex
1214 1595 1344 1631 fabulis
1361 1597 1620 1632 Nicaeensibus
1637 1596 1800 1640 petitum.

302 1653 363 1687 Ad
396 1653 550 1687 eundem
582 1653 690 1687 finem
723 1653 892 1697 pervenit
915 1653 948 1688 J.
968 1653 1010 1689 A.
1030 1653 1207 1688 Blanchet
1239 1653 1347 1697 (Rev.
1373 1664 1467 1688 num.
1493 1664 1563 1688 ser.
1587 1653 1643 1688 111
1667 1652 1739 1688 vol.
1759 1656 1799 1687 12

304 1710 424 1755 [1894]
450 1721 486 1754 p.
503 1710 594 1754 304).
636 1711 735 1752 Quae
761 1709 883 1754 opinio
907 1709 1118 1754 repudiatur
1141 1720 1161 1744 a
1177 1710 1365 1746 Roschero
1391 1709 1528 1754 (inlex.
1547 1710 1659 1755 myth.
1677 1709 1712 1744 ll.
1730 1711 1800 1752 cc.)

303 1771 506 1811 propterea,
537 1766 635 1810 quod
660 1776 681 1801 a
704 1765 804 1800 nullo
831 1776 953 1800 eorum
978 1766 1205 1810 scriptorum,
1240 1766 1301 1810 qui
1325 1766 1361 1800 in
1385 1765 1518 1801 fabulis
1542 1765 1801 1801 Nicaeensibus

302 1827 500 1867 versantur,
520 1823 698 1858 eiusmodi
715 1822 797 1867 equi
814 1822 875 1857 fiat
892 1823 1026 1858 mentio
1044 1833 1163 1867 neque
1181 1823 1255 1858 veri
1272 1823 1389 1858 simile
1402 1823 1450 1858 sit
1464 1822 1615 1858 eandem
1630 1821 1800 1857 deformi—

302 1883 413 1915 tatem
439 1880 575 1915 eisdem
600 1879 677 1915 fere
701 1879 927 1923 temporibus
952 1879 1207 1914 diversissimis
1232 1880 1322 1915 locis
1346 1880 1487 1924 imperii
1511 1889 1711 1914 occurrere.

417 1937 505 1972 Cum
542 1939 729 1981 tantopere
765 1937 800 1970 in
837 1935 1109 1980 interpretando
1143 1947 1235 1981 equo
1270 1936 1470 1972 dissideant
1499 1936 1568 1971 viri
1601 1936 1716 1980 docti,
1753 1935 1800 1971 de

304 1994 426 2039 equite
457 2004 603 2038 quoque
636 1993 863 2028 dissentiunt.
916 1994 1081 2028 Roscher
1113 2003 1192 2029 eum
1224 1994 1414 2029 Caesarem
1449 2004 1529 2029 esse
1561 1996 1667 2038 putat
1698 1993 1798 2028 Luno

305 2051 375 2086 deo
412 2054 620 2094 aequatum,
659 2050 811 2085 Drexler
846 2050 1027 2095 intellegit
1058 2051 1239 2086 Bacchum
1277 2051 1335 2086 vel
1368 2052 1508 2085 Lunum
1544 2061 1624 2085 cum
1656 2049 1798 2085 Baccho

305 2107 503 2143 confusum.
552 2107 776 2151 Quamquam
801 2107 978 2142 Roscheri
1003 2108 1164 2152 opinioni
1188 2107 1312 2143 favent
1336 2107 1408 2142 duo
1434 2107 1584 2152 nummi,
1609 2107 1644 2141 in
1669 2106 1800 2151 quibus

302 2165 497 2209 imperator
528 2166 629 2199 Luno
663 2164 733 2199 deo
766 2169 950 2209 aequatur,
984 2165 1074 2199 alter
1104 2164 1241 2200 Galbae
1275 2165 1451 2209 (nr.121),
1484 2164 1574 2199 alter
1598 2163 1799 2199 Caracallae

304 2224 370 2266 (nr.
391 2222 480 2266 122),
505 2224 623 2256 tamen
647 2231 725 2256 eam
745 2232 863 2256 veram
882 2232 962 2257 esse
980 2222 1202 2266 persuadere
1220 2222 1305 2256 mihi
1322 2233 1393 2257 non
1409 2231 1568 2266 possum.
1609 2221 1799 2256 Caesarem

304 2289 382 2314 esse
406 2278 690 2323 intellegendum
708 2278 872 2313 Roscher
896 2279 1081 2313 concludit
1106 2278 1198 2322 inde,
1225 2279 1324 2323 quod
1348 2282 1385 2314 et
1401 2288 1516 2323 equus
1533 2278 1581 2313 sit
1597 2277 1798 2312 simillimus

305 2335 469 2370 Caesaris
502 2335 585 2379 equi
617 2340 653 2370 et
677 2335 839 2369 Victoria
872 2335 1030 2379 equitem
1055 2345 1189 2370 corona
1214 2339 1325 2370 ornet.
1373 2335 1533 2370 Alteram
1559 2344 1701 2370 causam
1725 2344 1796 2368 non

304 2393 373 2427 iam
398 2392 482 2427 licet
507 2393 713 2435 admittere,
746 2396 939 2436 postquam
964 2393 1118 2427 innotuit
1142 2403 1306 2427 nummus
1330 2391 1520 2436 Antonini,
1553 2402 1573 2426 a
1597 2401 1668 2436 quo
1692 2391 1799 2426 abest

304 2449 476 2484 Victoria.
517 2449 642 2493 Neque
667 2459 798 2493 equum
816 2448 979 2484 Caesaris
1003 2460 1083 2484 esse
1108 2449 1193 2484 inde
1218 2459 1394 2494 apparere
1417 2449 1501 2483 mihi
1518 2448 1673 2492 videtur,
1698 2447 1797 2492 quod

305 2506 492 2550 inscriptio
517 2505 651 2540 nummi
674 2505 836 2540 Caesaris
860 2506 1081 2541 mentionem
1104 2517 1175 2541 non
1200 2506 1297 2550 facit,
1323 2505 1359 2540 id
1385 2505 1484 2550 quod
1510 2504 1797 2550 exspectandum

305 2568 395 2606 erat,
427 2563 457 2598 si
481 2566 602 2598 statua
626 2562 789 2598 Caesaris
815 2566 910 2597 esset
935 2563 1132 2598 imitatione
1158 2573 1338 2607 expressa.
1386 2562 1558 2605 Accedit,
1584 2561 1684 2607 quod
1707 2561 1798 2596 alter

306 2629 418 2663 eques
454 2623 644 2663 tantopere
680 2619 801 2653 differt
836 2619 881 2654 ab
918 2619 1048 2663 altero,
1085 2623 1126 2654 nt
1161 2619 1207 2654 ad
1244 2629 1348 2653 unam
1386 2618 1574 2663 imaginem
1609 2617 1685 2652 ficti
1717 2627 1796 2652 esse

305 2680 494 2721 nequeant.
543 2676 655 2718 Quam
688 2676 735 2710 ob
767 2686 841 2710 rem
874 2686 955 2711 cum
980 2676 1159 2712 Roscheri
1190 2676 1311 2720 opinio
1344 2675 1459 2710 minus
1488 2674 1686 2719 probabilis
1711 2673 1796 2708 mihi

305 2733 482 2778 videatur,
518 2743 650 2778 equum
687 2743 732 2767 cx
764 2732 895 2767 fabulis
930 2733 1187 2768 Nicaeensibus
1219 2733 1371 2777 petitum
1405 2741 1487 2766 esse
1518 2731 1638 2766 malim
1667 2733 1794 2775 putare

305 2793 454 2824 secutus
479 2790 686 2834 opinionem
703 2789 878 2833 Drexleri,
904 2799 1120 2834 quamquam
1145 2789 1191 2824 de
1217 2788 1393 2824 eiusmodi
1410 2798 1504 2832 equo
1521 2787 1608 2822 nihil
1626 2786 1795 2828 traditur;

305 2856 387 2880 nam
427 2845 626 2891 permultae
664 2848 748 2881 sunt
786 2855 862 2890 res,
901 2856 994 2889 quae
1032 2845 1273 2891 singularibus
1311 2844 1524 2880 testimoniis
1561 2854 1605 2879 ex
1640 2842 1795 2888 antiquis

306 2902 532 2947 temporibus
556 2902 661 2939 nobis
685 2901 837 2937 traditae
862 2905 955 2937 sunt.
