1992 3261
1576 224 1656 262 327

278 339 324 376 Ei
354 337 438 386 deo,
470 350 581 386 quem
605 337 743 376 Graeci
774 339 917 375 vocant
943 332 1133 389 Ἀγαθὸν
1164 335 1364 389 δαίμονα,
1394 339 1498 376 Nero
1526 338 1658 387 primis

166 406 278 445 annis
315 408 518 456 postquam
558 407 760 455 imperium
795 405 958 454 adeptus
995 408 1052 443 est
1092 407 1278 453 aequatus
1316 417 1399 444 esse
1436 405 1589 443 videtur
1618 407 1659 443 in

165 475 357 524 Aegypto.
415 474 682 513 Alexandriae
714 474 794 512 cusi
823 476 912 512 sunt
941 473 981 511 hi
1010 474 1173 511 nummi:

223 586 294 617 nr.
318 573 400 617 124
429 595 483 608 =
514 577 597 616 Cat.
626 577 719 616 Brit.
750 577 844 614 Mus.
875 576 991 614 Alex.
1021 588 1057 625 p.
1080 577 1132 613 20
1150 587 1194 625 sq
1224 588 1281 614 nr.
1306 577 1380 613 171
1402 588 1485 625 sqq.

369 679 434 718 A.:
466 676 609 731 Νέρω.
642 679 781 718 Κλαυ.
815 679 938 719 Kato.
972 678 1075 727 Σεβ.
1109 679 1209 731 Γερ.
1241 670 1378 718 Αὔτο.

369 747 429 785 R.:
461 747 565 786 Νεο.
590 738 736 799 Ἀγαθ.
760 745 882 798 Δαιμ.
905 746 1248 796 (Agathodaemon
1269 746 1319 785 ad
1341 748 1479 797 anguis
1499 747 1658 786 formam

709 814 846 864 fictus).

168 915 407 965 Quamquam
438 917 543 954 Nero
585 919 623 955 et
662 916 756 954 deus
799 916 962 954 diversis
998 917 1038 954 in
1068 917 1241 966 partibus
1273 920 1498 964 cernuntur,
1532 920 1661 955 tamen

166 985 365 1034 inscriptio
396 983 527 1033 νεό(ς)
561 977 777 1037 Ἀγαθως)
809 983 1010 1036 δαίμ(οον)
1040 985 1362 1034 interpretatione
1394 988 1558 1034 careret,
1590 986 1663 1023 nisi

168 1065 251 1091 eam
297 1052 344 1090 de
384 1053 539 1090 Nerone
585 1053 857 1101 acciperemus.
927 1052 1091 1098 Quando
1135 1054 1279 1091 nummi
1324 1054 1399 1091 sint
1444 1055 1540 1100 cusi,
1585 1066 1663 1092 non

168 1122 340 1167 constat3
369 1121 502 1170 primis
532 1124 658 1159 autem
688 1121 931 1170 imperatoris
961 1122 1127 1159 Neronis
1157 1122 1268 1159 annis
1299 1134 1366 1160 eos
1396 1122 1662 1160 attribuendos

168 1200 253 1227 esse
295 1189 436 1227 docent
476 1189 544 1226 alii
581 1190 674 1238 loci⁷
716 1190 853 1238 quibus
883 1190 988 1227 Nero
1031 1189 1154 1228 eidem
1196 1190 1269 1227 deo
1310 1190 1469 1238 aequari
1500 1190 1662 1228 videtur.

169 1257 247 1296 Sub
279 1257 436 1296 Claudii
465 1260 625 1295 mortem
657 1259 801 1307 scripta
832 1261 890 1296 est
919 1270 1091 1307 papyrus

228 1369 298 1400 nr.
324 1357 404 1400 125
435 1379 489 1391 =
520 1360 592 1399 Ox.
622 1361 717 1410 Pap.
739 1361 809 1398 VII
844 1361 967 1399 1021:

374 1458 397 1502 ὁ
425 1460 505 1515 μὲν
534 1455 824 1515 ὀφειλόμενος
851 1469 944 1510 τοῖς
970 1459 1216 1515 προγόνοις
1241 1462 1316 1502 καὶ
1344 1460 1536 1518 ἐνφανης
1559 1458 1666 1511 θεὸς

375 1531 544 1582 Καῖσαρ
585 1529 644 1578 εἰς
685 1522 848 1579 αὐτοὺς
883 1526 1121 1583 κεχώρηκε,
1161 1522 1183 1571 ὁ
1217 1529 1263 1571 δὲ
1293 1531 1372 1584 τῆς
1404 1529 1666 1584 οἰκουμένης

374 1597 447 1638 καὶ
483 1597 814 1651 προσόοκηθεὶς
851 1597 925 1638 καὶ
961 1597 1186 1646 ἐλπισθεὶς
1218 1593 1523 1651 Αὐτοκράτωρ
1556 1591 1666 1639 ἄπο-

377 1665 609 1715 όέδεικται,
636 1660 822 1720 Ἀγαθός
853 1666 1022 1720 δαίμων
1055 1666 1100 1707 δὲ
1130 1667 1205 1721 τῆς
1237 1665 1498 1720 οἰκουμένης
1525 1660 1666 1721 [ciphi]

375 1728 440 1774 ὢν
470 1733 675 1787 [μέγισ]τε
705 1731 892 1775 πάντων
925 1727 1111 1788 ἀγαθοῖν
1142 1734 1313 1789 Νέρων.

171 1839 260 1876 Non
300 1839 423 1876 multo
464 1841 553 1887 post
590 1839 755 1887 scriptus
796 1841 854 1876 est
891 1839 1025 1876 titulus
1063 1837 1111 1876 ad
1147 1838 1387 1887 pyramidem
1425 1838 1666 1888 Ohephrenis

171 1908 347 1955 repert-us

232 2018 304 2048 nr.
329 2005 409 2048 126
440 2026 493 2039 =
524 2008 608 2047 OIG
640 2008 748 2046 4699
780 2027 833 2040 =
866 2008 955 2047 OGI
987 2010 1088 2047 666:

377 2106 472 2150 ἐπεὶ
495 2108 684 2162 [Νέρων]
708 2103 929 2157 Κλαύδιος
952 2110 1121 2163 Καῖσαρ
1144 2106 1370 2161 Σεβαστὸς
1394 2108 1666 2164 Γερμανικὸς

378 2173 685 2230 Αὐτοκράτωρ
718 2169 741 2217 ὁ
768 2172 952 2230 Άγαθός
984 2177 1155 2230 δαίμων
1184 2178 1262 2232 τῆς
1293 2175 1554 2232 οἰκουμένης
1585 2174 1667 2219 σὺν

379 2237 543 2286 ἅπασιν
581 2239 646 2293 οἷς
684 2239 963 2298 εὕεργέτησεν
992 2238 1180 2298 ἀγαθοῖς
1210 2242 1291 2299 την
1322 2244 1556 2298 Αἴγυπτον
1586 2243 1666 2300 τὴν

380 2309 704 2366 ἐναργεστάτην
737 2309 958 2365 πρόνοιαν
986 2309 1287 2366 ποιησάμενος
1319 2310 1512 2367 ἔπεμψεν
1542 2305 1667 2368 ἦμεῖν

385 2380 584 2434 Τιβέριον
616 2377 842 2421 Κλαύδιον
871 2377 1126 2431 Βάλβιλλον
1157 2378 1351 2435 ἡγεμόνα
1374 2414 1409 2422 ..
1435 2415 1441 2421 .

178 2496 371 2535 Balbillus
421 2508 522 2534 anno
565 2497 616 2534 55
667 2496 789 2534 factus
835 2498 892 2533 est
935 2495 1153 2545 praefectus
1198 2496 1421 2545 Aegypti.1)
1500 2497 1666 2534 Posteris

178 2564 291 2602 annis
339 2565 489 2602 nullum
540 2565 706 2602 occurrit
756 2565 974 2613 exemplum
1023 2565 1188 2602 Neronis
1237 2563 1327 2601 huic
1377 2564 1449 2601 deo
1500 2564 1666 2612 aequati,

179 2642 410 2679 quamquam
446 2632 655 2680 imperator
690 2643 877 2681 persaepe
915 2634 1234 2670 commemoratur
1271 2634 1308 2670 et
1338 2632 1377 2669 in
1407 2632 1529 2669 titulis
1561 2634 1598 2669 et
1627 2633 1667 2670 in

179 2710 350 2747 papyris.

296 2864 323 2909 ²)
347 2864 565 2910 Prosopogr.
589 2865 673 2910 imp.
699 2866 802 2900 Rom.
828 2865 844 2899 Ι
870 2876 904 2910 p.
922 2868 986 2900 360
1011 2876 1061 2900 nr.
1080 2869 1156 2901 662.
