1992 3261
319 254 399 292 314

430 367 495 405 Ad
536 369 703 417 speciem
743 369 893 406 Dianae
934 368 1045 407 fictae
1086 372 1174 408 sunt
1209 370 1309 408 Iulia
1348 371 1438 419 (nr.
1459 368 1512 411 87
1544 390 1599 403 =
1629 371 1809 411 CohenI

316 447 353 485 p.
378 436 457 473 180
486 448 542 474 nr.
569 437 606 485 1)
643 439 681 474 et
712 436 802 474 diva
831 437 1017 475 Faustina
1046 438 1170 476 minor
1201 439 1288 486 (nr.
1310 435 1366 478 88
1395 457 1449 470 =
1480 439 1561 478 Cat.
1591 440 1684 478 Brit.
1713 439 1809 478 Mus.

316 504 423 542 Rom.
453 504 553 542 Med.
583 516 620 553 p.
645 506 694 542 17
725 517 783 542 nr.
804 505 846 553 8)
887 506 927 542 in
966 506 1128 544 nummis
1169 506 1347 556 clipeatis
1387 508 1586 555 Romanis,
1632 510 1670 546 et
1710 508 1810 546 Iulia

316 572 470 610 Domna
499 572 540 610 in
570 584 724 611 nummo
754 573 905 622 Argivo

373 673 446 703 111'.
468 660 524 702 89
554 681 607 694 =
638 663 720 703 Cat.
750 663 842 701 Brit.
874 663 969 702 Mus.
1001 664 1136 714 Pelop.
1166 677 1202 713 p.
1229 665 1305 703 152
1337 677 1394 703 nr.
1418 666 1508 703 170.

430 798 615 838 Omnibus
641 800 877 849 temporibus
904 803 942 838 et
968 800 1137 849 antiquis
1164 803 1202 838 et
1228 802 1369 840 nostris
1395 802 1557 850 vulgata
1584 804 1641 840 est
1667 802 1808 852 opinio,

315 879 391 916 qua
430 868 596 917 egregiis
636 867 749 906 factis
788 868 858 906 lux
897 869 1021 907 allata
1061 880 1144 907 esse
1185 868 1339 907 videtur
1380 869 1522 908 mundo
1560 873 1598 908 et
1632 869 1808 909 homines

315 939 558 984 praestantes
603 948 689 974 cum
732 937 820 975 luce
867 939 1148 986 comparantur.
1221 937 1342 983 Quem
1388 939 1438 976 ad
1481 938 1636 976 modum
1676 939 1809 977 dicunt

317 1004 450 1042 Livius
480 1004 536 1042 IX
570 1006 631 1052 10,
655 1005 699 1042 3:
741 1005 811 1043 hoc
849 1008 1010 1044 senatus
1051 1006 1227 1044 consulto
1266 1007 1375 1051 facto
1414 1007 1479 1045 lux
1514 1008 1706 1055 quaedam
1737 1008 1807 1046 ad-

316 1073 479 1119 fulsisse
519 1074 669 1111 ce‘ce'tate'
706 1075 791 1111 »visa
833 1076 899 1111 est.
969 1074 1046 1112 Cic.
1077 1074 1124 1111 de
1161 1075 1250 1123 imp.
1282 1074 1348 1113 Cn.
1376 1075 1511 1124 Pomp.
1539 1076 1612 1113 33:
1656 1078 1808 1113 tantam

316 1142 433 1179 unius
473 1141 639 1179 hominis
681 1141 918 1179 incredibiles
960 1154 1005 1179 ac
1046 1142 1178 1179 (licina
1217 1144 1342 1180 <virtus
1385 1146 1464 1181 tam
1505 1144 1607 1181 brevi
1643 1146 1808 1192 tempore

319 1209 439 1246 lucem
469 1210 608 1256 afferre
636 1211 693 1247 νεὶ
713 1210 898 1257 publicae
919 1211 1081 1258 potnit.
1104 1240 1111 1247 .
1134 1240 1142 1247 .
1187 1211 1300 1259 Verg.
1322 1212 1422 1249 Aen.
1443 1211 1576 1249 1128}
1600 1211 1807 1250 Hectorem

315 1278 452 1315 affatus
483 1289 504 1315 o
539 1278 603 1315 lux
631 1278 877 1316 Dardaniae.
928 1279 1039 1316 Hanc
1072 1279 1398 1328 comparationem
1430 1279 1597 1317 admittit
1625 1280 1806 1318 Horatius

315 1346 535 1394 Augustum
564 1347 620 1383 ita
650 1347 843 1384 allocutus
875 1347 922 1395 (c.
943 1347 997 1384 IV
1019 1347 1055 1395 5,
1078 1347 1100 1383 5
1119 1346 1234 1396 sqq.):

522 1437 642 1475 lucem
672 1437 790 1475 redde
822 1440 921 1481 tuae,
955 1438 1032 1475 dux
1062 1438 1167 1483 bone,
1191 1439 1362 1485 patriae,

522 1507 650 1543 instar
678 1507 777 1543 veris
809 1507 909 1543 enim
943 1506 1068 1543 voltus
1097 1507 1165 1544 'ubi
1197 1509 1284 1544 tuus

521 1574 692 1621 adfulsit
711 1574 872 1622 populo,
903 1575 1056 1622 gratior
1084 1575 1116 1612 «it
1147 1574 1227 1612 dies

588 1645 624 1679 et
653 1643 753 1680 soles
782 1642 920 1680 melius
949 1643 1085 1680 nitent.

312 1734 497 1772 Similiter
541 1734 740 1783 Augustus
788 1734 827 1771 in
874 1734 1149 1783 epigrammate
1195 1745 1311 1783 supra
1357 1746 1391 1782 p.
1425 1735 1503 1772 287
1551 1735 1672 1773 allato
1719 1734 1803 1774 CIG

315 1802 424 1839 4923
455 1820 509 1832 =
540 1801 630 1841 IGR
660 1802 678 1839 I
704 1802 808 1839 1295
842 1821 892 1833 =
924 1802 1080 1848 Kaibel‚
1120 1802 1253 1851 Epigr.
1285 1801 1348 1842 Gr.
1381 1803 1460 1840 978
1498 1802 1605 1841 audit
1638 1797 1805 1856 ἄστρον

315 1865 486 1917 ἁπάσας
513 1866 732 1918 Ἑλλάδος.

430 1938 552 1984 Quam
593 1939 814 1988 opinionem
850 1939 974 1977 secuti
1005 1938 1143 1978 Graeci
1173 1940 1375 1977 nonnullis
1405 1939 1504 1978 locis
1534 1939 1803 1989 imperatorem

315 2008 523 2056 appellant
567 2019 709 2045 novum
755 2007 902 2054 Solem,
948 2019 1023 2056 quo
1069 2008 1297 2057 cognomine
1343 2010 1500 2046 ornatur
1540 2007 1721 2057 Caligula
1763 2008 1803 2046 in

314 2076 425 2114 titulo
457 2075 648 2123 Cyziceno

372 2176 442 2206 nr.
464 2163 520 2206 90
550 2184 604 2197 =
634 2165 723 2205 IGR
752 2166 807 2203 IV
832 2166 909 2204 145
942 2183 994 2199 =
1025 2166 1119 2204 Ditt.
1150 2166 1272 2214 Syll.2
1295 2167 1395 2204 365:

518 2289 525 2295 .
547 2289 553 2295 .
575 2289 582 2295 .
601 2253 624 2296 ὁ
649 2249 902 2304 ve'og‘maog
926 2251 1059 2304 Γάϊος
1082 2257 1249 2309 Καῖσαρ
1272 2252 1499 2306 Σεβαστὸς
1516 2249 1801 2310 Γερμανικὸς.

428 2346 628 2393 Quomodo
675 2359 890 2396 cognomen
935 2347 1241 2397 intellegendum
1287 2348 1335 2386 sit
1380 2351 1541 2397 apparet
1585 2360 1633 2386 ex
1673 2348 1802 2386 verbis
1868 2395 1872 2398 ῃ

313 2416 604 2463 insequentibus
630 2410 968 2467 συναιάλάμψαι
989 2421 1083 2462 ταῖς
1106 2413 1235 2463 ἰδίαις
1256 2408 1422 2468 αιῗγαῖς.
1473 2417 1629 2454 Titulus
1655 2417 1802 2465 positus

314 2484 423 2521 initio
462 2484 610 2532 imperii
643 2484 848 2532 Caligulae
867 2485 893 2531 1)
934 2484 1193 2521 testimouium
1225 2487 1284 2522 est
1313 2483 1462 2532 gaudii,
1493 2483 1596 2532 quod
1626 2485 1802 2533 percepit

314 2553 479 2600 populus
517 2564 564 2589 ex
595 2564 694 2590 novo
726 2553 975 2601 imperatore,
1016 2564 1128 2600 quem
1159 2563 1220 2590 res
1251 2552 1429 2601 publicas
1461 2553 1643 2590 meliores
1673 2551 1801 2590 reddi-

313 2624 439 2657 turum
470 2631 553 2657 esse
586 2631 715 2658 omnes
747 2620 965 2669 sperabant.

426 2686 532 2724 Idem
562 2698 777 2735 cognomen
803 2686 947 2724 inditur
967 2687 1111 2725 Neroni
1134 2688 1174 2724 in
1193 2688 1299 2725 initio
1322 2686 1470 2725 decreti
1490 2686 1801 2737 Acraephiemis,

314 2754 417 2803 quod
447 2755 557 2792 attuli
586 2754 661 2803 (nr.
684 2756 735 2803 7),
767 2757 805 2793 et
835 2754 1032 2803 sagalassi
1063 2755 1262 2804 (Pisidiae)
1294 2755 1334 2792 in
1364 2756 1476 2793 titulo

427 2900 454 2941 ¹)
479 2897 735 2943 Dittenberger
759 2898 780 2933 1.
799 2909 828 2933 c.
854 2898 934 2934 adn.
954 2903 982 2933 6.
