1992 3261
254 287 336 324 318

253 399 418 438 fortasse
448 403 607 449 propter
637 401 913 438 immunitatem
946 401 1033 440 Cois
1066 401 1212 449 datam,
1248 402 1337 440 inde
1369 401 1544 451 efficitur,
1575 403 1677 452 quod
1706 404 1746 442 in

251 468 364 506 titulo
404 469 523 506 Insor.
562 468 636 507 Cos
678 468 758 507 345
804 467 1024 518 Xenophon
1069 469 1177 508 audit
1217 465 1358 522 ἱερεύς
1400 465 1473 510 διὰ
1512 469 1614 520 βίου
1653 471 1746 511 τοῖν

253 535 495 584 Σεβαστῶν
525 534 597 576 καὶ
624 527 890 576 Ἀσκλαπιοῦ
923 535 996 576 καὶ
1024 533 1165 589 Ὑγὶας
1196 536 1268 577 καὶ
1299 532 1513 592 Ἠπιόνης.

366 684 501 722 Novus
541 683 717 723 Bacchus
762 685 984 733 appellatus
1030 688 1087 723 est
1131 687 1276 734 primus
1316 686 1546 725 Alexander
1584 687 1748 737 Magnus

251 754 475 801 propterea,
513 751 617 800 quod
653 753 694 789 in
729 752 979 801 expeditione
1009 752 1144 791 Indica
1179 754 1291 791 illum
1322 752 1435 791 deum
1465 755 1633 794 imitatus
1663 766 1748 793 esse

253 820 504 868 dicebatur,1)
536 823 634 858 teste
660 821 829 858 Arriano
861 821 974 858 anab.
995 821 1050 859 VI
1072 822 1125 859 28
1156 819 1228 860 καὶ
1259 820 1397 861 τοῦτο
1429 817 1541 874 πρὸς
1570 821 1750 876 μίμησιν

251 888 327 942 τῆς
353 883 575 928 Διονύσου
604 886 808 940 βακχείας
841 881 1094 942 ἀπεικάσθη
1121 881 1405 943 Ἀλεξάνδρῳ,
1437 883 1506 930 ὅτι
1532 888 1606 930 καὶ
1632 887 1748 944 ὑπὲρ

253 953 426 996 ἐκείνου
472 952 604 1009 λόγος
648 954 824 1009 ἐλέγετο
866 953 1290 1010 καταστρεψάμενον
1330 950 1494 1006 Ἰι’δοο“·ς
1532 954 1750 999 Διόνυσον

253 1017 374 1064 οὕτω
419 1019 499 1078 τὴν
544 1016 719 1079 πολλὴν
758 1024 834 1079 τῆς
874 1016 1012 1071 Ἀσίας
1054 1022 1274 1074 ἐπελθεῖν,
1321 1023 1394 1064 καὶ
1437 1022 1664 1079 Θρίαμβόν
1702 1040 1749 1066 τε

254 1084 394 1132 αιῗτὸν
435 1089 735 1147 ἐπικληθῆναι
770 1086 853 1132 τὸν
890 1089 1110 1133 Διόνυσον
1145 1091 1218 1133 καὶ
1255 1089 1333 1141 τὰς
1370 1091 1441 1133 ἐπὶ
1478 1100 1573 1142 ταῖς
1609 1093 1750 1142 νίκαις

251 1166 346 1207 ταῖς
382 1157 430 1200 ἐκ
469 1158 671 1212 πολέμου
707 1156 888 1213 πομπὰς
925 1158 996 1201 ἐπὶ
1032 1161 1097 1214 τῷ
1134 1154 1256 1215 ces-tq]
1291 1157 1441 1215 τούτῳ
1478 1158 1748 1215 θριάμβους,-

251 1228 298 1266 ef.
326 1229 426 1266 Plut.
448 1230 564 1266 Alex.
588 1230 652 1267 67.
700 1228 963 1268 Athenienses
990 1241 1075 1267 eum
1102 1230 1298 1268 Bacchum
1325 1231 1591 1279 appellavisse
1617 1234 1750 1269 narrat

251 1297 364 1346 Diog.
395 1297 524 1336 Laert.
552 1298 606 1335 VI
629 1298 692 1335 63.

367 1365 476 1404 Idem
507 1377 722 1414 cognomen
754 1366 884 1404 datum
916 1370 975 1404 est
1005 1368 1230 1405 Ptolemaeo
1256 1368 1310 1405 IV
1342 1367 1583 1417 Philopatori
1613 1367 1750 1416 (Clem.

252 1434 368 1472 Alex,
405 1434 528 1472 Protr.
565 1434 619 1472 IV
647 1434 700 1471 54
735 1446 771 1483 p.
799 1434 851 1471 42
894 1434 1080 1485 Stahlin),
1131 1435 1181 1473 ad
1231 1447 1343 1484 quem
1393 1436 1588 1485 pertinent
1630 1437 1749 1474 verba

252 1501 511 1551 Euphorionis
553 1502 657 1552 apud
692 1502 1024 1552 Hephaestionem
1059 1504 1128 1553 (16
1159 1516 1196 1553 p.
1219 1504 1270 1541 56
1303 1504 1479 1552 Consbr.)
1509 1492 1546 1543 ὦ
1577 1503 1749 1544 τελεταὶ

253 1570 334 1610 τοῦ
377 1568 480 1610 νέου
521 1565 761 1618 Διον·ύσου;
808 1571 853 1609 cf.
885 1571 1081 1619 Meineke‚
1122 1572 1240 1610 Anal.
1271 1573 1389 1610 Alex.
1419 1584 1454 1621 p.
1478 1573 1556 1610 341
1572 1584 1627 1621 sq.
1686 1573 1748 1611 Ad

253 1640 421 1688 speeiem
461 1640 608 1678 Bacchi
654 1640 755 1678 idem
796 1640 952 1689 fingitur
992 1642 1030 1678 in
1071 1642 1252 1689 nummis,
1296 1642 1436 1679 Head2
1468 1642 1559 1680 855.
1619 1643 1749 1681 Verba

252 1708 487 1756 Diogeniani
524 1708 630 1747 Cent.
662 1709 754 1746 VIII
778 1709 826 1745 41
862 1706 935 1748 ἐπὶ
967 1708 1248 1761 Πτολεμαίου
1281 1710 1363 1749 τοῦ
1395 1708 1500 1750 νέου
1529 1705 1748 1750 Διονύσου

251 1776 358 1823 βοῦς
398 1772 547 1815 ἔτεκεν
587 1772 632 1826 ἓξ
671 1773 817 1826 βοΐδια
863 1789 952 1814 num
994 1777 1044 1814 ad
1085 1790 1169 1815 eum
1211 1781 1386 1827 spectent
1426 1778 1621 1825 (Meineke
1651 1780 1678 1816 1.
1700 1781 1747 1828 c.)

253 1844 408 1881 dubium
454 1847 526 1891 est⁷
572 1855 657 1882 cum
703 1845 819 1882 etiam
865 1844 913 1882 ad
954 1845 1222 1883 Ptolemaeum
1262 1847 1297 1883 X
1337 1846 1509 1884 Auleten
1553 1847 1748 1896 pertinere

251 1912 411 1960 possint,
442 1911 507 1959 qui
538 1912 759 1960 saepissime
790 1911 899 1950 audit
929 1911 1028 1959 νέος
1059 1908 1284 1961 Διόνυσος.
1346 1913 1416 1954 Ox.
1447 1915 1540 1963 Pap.
1571 1915 1609 1952 Π
1631 1915 1747 1953 236b

252 1981 304 2028 (p.
345 1978 439 2027 140)
494 1974 810 2029 βασιλεύοντος
868 1979 1147 2032 Πτολεμαίου
1204 1981 1315 2021 θεοῦ
1374 1980 1478 2021 νέου
1528 1978 1748 2022 Διονύσου

255 2042 567 2099 Φιλοπάτορος
617 2045 915 2099 Φιλαδέλφου.
987 2049 1041 2088 Cf.
1083 2049 1188 2088 BGU
1227 2050 1284 2088 III
1318 2051 1436 2089 1002.
1506 2050 1588 2089 CIG
1626 2051 1747 2090 4897.

251 2115 407 2153 4897b.
439 2115 559 2153 4899.
592 2116 712 2153 4926.
765 2118 864 2154 Ano.
888 2116 952 2155 Gr.
974 2117 1094 2156 Inscr.
1116 2118 1169 2155 IV
1192 2118 1283 2155 921.
1334 2117 1423 2157 OGI
1447 2119 1538 2157 741.
1588 2119 1745 2158 Lucian.

252 2195 328 2221 non
360 2195 444 2222 esse
475 2186 562 2221 tem.
593 2184 695 2222 cred.
727 2185 891 2222 calumn.
928 2185 1029 2233 162)
1647 2180 1650 2182 ’

365 2252 396 2289 Ε
441 2251 656 2290 Seleucidis
706 2253 861 2300 regibus
908 2254 1097 2302 appellati
1143 2257 1229 2292 sunt
1274 2254 1419 2292 Bacchi
1464 2255 1619 2292 nomine
1664 2256 1746 2294 An-

252 2318 401 2357 tiochus
431 2319 504 2356 VI:

309 2410 389 2448 Cat.
406 2411 499 2448 Brit.
516 2410 610 2448 Mus.
628 2410 807 2448 Seleueid
826 2411 949 2460 Kings
972 2424 1006 2460 p.
1026 2414 1077 2450 63
1092 2423 1174 2460 sqq.
1196 2425 1252 2450 nr.
1280 2414 1394 2461 lsqq.
1416 2431 1468 2444 =
1490 2413 1630 2451 Head²
1648 2414 1745 2450 766:

455 2501 515 2538 Α.;
558 2501 700 2551 (Caput
744 2501 947 2550 Antiochi,
994 2504 1034 2540 in
1079 2504 1278 2541 nonnullis
1323 2505 1486 2542 nummis
1530 2505 1569 2541 in
1613 2503 1747 2542 habitu

556 2568 728 2618 Bacchi).

455 2661 515 2698 R:
559 2657 783 2707 Βασιλέως
816 2653 1042 2713 Ἀντιόχου
1080 2654 1346 2713 Ἐπιφανοῦς
1378 2658 1599 2702 Διονύσου
1635 2663 1742 2711 (Dio-

561 2728 660 2766 scuri
691 2729 754 2765 vel
786 2729 936 2777 Apollo
967 2731 1032 2767 vel
1062 2729 1238 2769 Bacchus
1269 2731 1334 2769 vel
1364 2731 1581 2780 panthera).

366 2873 394 2915 ¹)
419 2871 473 2908 Cf.
498 2872 538 2906 B.
558 2871 682 2915 Graes,
716 2872 771 2907 De
800 2872 934 2907 Bacchi
965 2873 1197 2917 expeditione
1223 2874 1355 2909 Indica.
1405 2874 1499 2910 Diss.
1525 2874 1617 2910 Berl.
1646 2877 1743 2910 1886.

365 2930 394 2972 ‘-')
419 2928 472 2963 Cf.
498 2928 671 2973 Beurlier,
702 2928 756 2963 De
783 2928 854 2963 div.
880 2929 961 2964 hon.
986 2940 1022 2975 p.
1041 2933 1082 2964 47
1095 2939 1177 2974 sqq.
