1992 3261
891 882 1065 935 caput
1100 881 1357 935 primum.

489 1003 643 1052 Caesar,
684 1005 749 1053 qui
784 1004 825 1042 in
860 1017 902 1043 re
941 1005 1101 1054 publica
1140 1017 1302 1054 regnum
1341 1005 1415 1043 sibi
1455 1017 1679 1055 comparare
1709 1006 1868 1044 volebat

375 1073 561 1111 eiusmodi
602 1074 734 1122 qualia
774 1073 928 1111 fuerant
962 1085 1084 1122 regna
1120 1086 1219 1122 quae
1255 1073 1502 1113 hellenistica
1537 1075 1739 1124 appellare
1776 1085 1866 1112 con-

375 1142 567 1180 suevimus
603 1142 913 1180 Ptolemaeorum
950 1141 1238 1181 Seleucidarum
1271 1142 1536 1181 Attalidarum
1572 1143 1792 1191 alio1·um,1)
1827 1143 1867 1180 in

375 1210 495 1248 sacris
541 1221 693 1259 quoque
736 1211 851 1248 rebus
894 1211 1050 1248 illorum
1095 1223 1228 1259 regum
1274 1211 1572 1249 consuetudines
1616 1211 1789 1260 recipere
1827 1211 1867 1248 in

375 1279 502 1316 animo
542 1277 710 1316 habebat
746 1281 784 1316 et
819 1281 860 1316 ut
895 1279 969 1316 iam
1006 1280 1118 1316 vivus
1156 1278 1218 1316 dei
1253 1279 1374 1317 instar
1410 1280 1605 1317 coleretur
1639 1291 1718 1316 non
1754 1278 1867 1316 modo

374 1346 548 1395 permisit
583 1346 653 1384 sed
689 1347 804 1384 etiam
842 1347 1094 1396 impe1·avit.²)
1154 1343 1362 1394 Σύνυαος
1398 1347 1520 1385 factus
1556 1350 1613 1385 est
1648 1349 1686 1385 et
1721 1345 1868 1392 Quirini

375 1414 496 1463 (Cass.
524 1414 597 1452 Dio
633 1414 762 1452 XLIII
793 1415 857 1462 45,
880 1416 921 1461 3;
965 1415 1042 1454 Cic.
1080 1415 1129 1453 ad
1165 1415 1246 1453 Att.
1277 1415 1352 1453 XII
1379 1415 1443 1464 45,
1465 1416 1501 1453 3.
1540 1415 1634 1453 XIII
1662 1415 1726 1462 28,
1749 1414 1789 1464 3)
1830 1416 1869 1452 et

375 1483 542 1520 omnium
589 1482 747 1520 deorum
793 1483 912 1533 (Suet.
944 1483 1052 1524 Caes.
1085 1485 1154 1530 76;
1205 1483 1308 1522 Cass.
1340 1484 1414 1521 Dio
1455 1483 1579 1521 XLIV
1609 1483 1645 1529 4,
1668 1483 1714 1529 43
1763 1484 1867 1532 App.

375 1551 410 1589 b.
429 1563 459 1588 c.
482 1551 519 1588 II
539 1550 645 1601 106),
676 1553 897 1600 appellatus
929 1554 986 1589 est
1015 1552 1193 1601 Juppiter
1219 1552 1346 1590 Julius
1377 1552 1498 1597 (Cass.
1520 1552 1593 1589 Dio
1620 1551 1745 1589 XLIV
1763 1552 1797 1598 6,
1815 1551 1868 1599 4),

374 1620 637 1668 templumque
678 1631 878 1658 commune
919 1631 1004 1657 cum
1046 1620 1261 1658 Clementia
1301 1620 1336 1658 ei
1376 1622 1610 1658 exstructum
1651 1622 1710 1657 est
1748 1618 1868 1668 (cass.

376 1687 450 1725 Dio
482 1687 605 1725 XLIV
629 1688 664 1734 6,
686 1688 728 1734 4;
760 1688 863 1737 App.
891 1688 926 1726 b.
944 1699 973 1726 c.
1002 1688 1039 1725 II
1064 1688 1159 1734 1063
1191 1688 1370 1726 Babelon
1400 1688 1438 1725 II
1468 1700 1503 1737 p.
1528 1689 1578 1725 29
1610 1700 1667 1726 nr.
1690 1687 1760 1735 52,
1791 1699 1866 1736 quo

375 1755 415 1792 in
444 1767 598 1793 nummo
632 1754 869 1794 Clementiae
901 1755 1082 1794 Caesaris
1111 1757 1297 1806 inscripto
1328 1757 1496 1795 cernitur
1525 1755 1742 1806 templum).

489 1904 689 1953 Augustus
727 1904 861 1953 primis
902 1905 1012 1943 annis
1052 1907 1255 1954 postquam
1296 1905 1496 1954 imperium
1537 1904 1699 1954 adeptus
1735 1907 1792 1943 est
1826 1906 1868 1942 ut

376 1971 593 2010 hominibus
631 1973 747 2010 simili
784 1972 897 2010 modo
933 1974 1174 2011 venerationi
1211 1977 1311 2011 esset
1345 1974 1584 2022 spectavisse
1619 1972 1788 2020 videtur,
1827 1971 1867 2009 id

376 2040 479 2089 quod
531 2039 694 2078 efficitur
743 2052 791 2078 ex
840 2042 1040 2079 nonnullis
1090 2042 1332 2089 testimoniis,
1384 2053 1482 2089 quae
1533 2053 1618 2079 eum
1668 2044 1706 2079 et
1753 2040 1867 2078 deum

376 2109 579 2157 appellant
610 2112 646 2146 et
677 2109 859 2158 Apollini
890 2113 1068 2157 aequant.
1128 2110 1322 2158 Vergilius
1353 2110 1392 2147 in
1422 2110 1546 2159 prima
1577 2110 1716 2158 ecloga
1745 2110 1867 2148 Buco-

375 2177 480 2214 licon
517 2188 617 2214 anno
653 2189 686 2214 a.
709 2176 796 2215 Chr.
826 2190 862 2214 n.
885 2177 934 2214 41
970 2178 1190 2226 conscripta
1224 2178 1494 2226 imperatorem
1530 2179 1645 2215 vocat
1680 2176 1794 2214 deum
1829 2178 1868 2214 et

377 2245 552 2282 omnibus
583 2245 777 2283 mensibus
809 2244 870 2283 die
901 2246 1027 2283 natali
1057 2246 1092 2283 ei
1122 2245 1422 2284 sacrificaturum
1453 2257 1494 2284 se
1521 2256 1605 2284 esse
1630 2244 1868 2294 p1·0mittit.³)

434 2347 548 2395 Verg.
575 2347 647 2384 ecl.
673 2347 691 2384 I
713 2348 735 2383 7
752 2358 822 2395 sq.:

580 2461 749 2497 namque
780 2451 852 2487 erit
880 2451 947 2488 ille
975 2451 1072 2488 mihi
1100 2462 1250 2499 semper
1279 2451 1382 2496 deus,
1412 2452 1520 2490 illius
1552 2463 1664 2489 aram

581 2530 696 2566 saepe
730 2521 833 2556 tener
860 2520 1006 2558 nostris
1037 2520 1085 2557 ab
1117 2520 1280 2557 ovilibus
1310 2520 1454 2558 imbuet
1484 2531 1620 2568 agnus.

492 2686 519 2728 ¹)
544 2685 773 2720 Kornemann
797 2685 818 2719 l.
834 2696 863 2719 c.
888 2696 923 2729 p.
941 2688 982 2720 95
997 2696 1076 2730 sqq.

489 2743 520 2786 ²)
544 2743 588 2776 R.
604 2742 861 2784 Reitzenstein,
881 2742 977 2777 Zwei
995 2743 1452 2788 religionsgeschichtliche
1468 2743 1619 2788 Fragen.
1655 2742 1868 2787 Strassburg

381 2802 462 2833 1901
490 2810 525 2843 p.
544 2802 586 2833 23
600 2809 654 2843 sq.
702 2799 746 2833 A.
771 2798 817 2833 de
841 2799 1128 2844 Domaszewski,
1162 2800 1376 2845 Philologus
1407 2800 1543 2836 LXVII
1579 2803 1662 2835 1908
1694 2811 1730 2844 p.
1756 2802 1866 2844 lsqq.

378 2871 422 2884 =
436 2855 725 2900 Abhandlungen
742 2866 804 2890 zur
819 2855 1023 2891 romischen
1036 2857 1215 2901 Religion.
1249 2857 1537 2902 Leipzig-Berlin
1558 2859 1642 2892 1909
1661 2868 1696 2901 p.
1713 2859 1774 2891 193
1785 2866 1866 2901 sqq.

492 2913 520 2958 ³)
545 2912 598 2947 Cf.
625 2911 870 2956 G.Wissowa‚
897 2913 1051 2948 Hermae
1075 2913 1254 2949 XXXVII
1281 2916 1366 2949 1902
1396 2925 1430 2958 p.
1452 2917 1513 2948 157
1527 2924 1606 2959 sqq.
