1992 3261
1596 227 1676 265 295

183 347 313 383 tamen
353 343 604 382 dubitandum
641 346 749 393 puto,
792 344 883 392 quin
921 346 1027 381 certa
1062 354 1179 381 eausa
1215 342 1351 390 subsit,
1392 354 1476 380 cum
1514 354 1592 380 non
1629 342 1678 380 sit

185 413 268 451 veri
303 412 428 450 simile
464 423 589 460 neque
625 413 709 449 ullo
747 412 927 460 exemplo
958 410 1129 448 firmetur
1158 411 1429 459 imperatorem
1460 410 1541 448 sine
1573 412 1680 448 certa

187 492 303 518 eausa
348 479 420 518 deo
464 480 639 529 aequari,
684 480 750 528 qui
790 482 866 517 tam
907 478 1103 517 definitum
1144 478 1287 516 habeat
1326 477 1505 516 officium.
1573 477 1679 524 Quae

186 549 357 598 opinatio
397 548 656 598 praeferenda
694 547 847 586 videtur
887 548 1000 585 alteri
1035 548 1306 596 imperatorem
1344 541 1540 586 mivvocov
1576 547 1679 584 Iovis

188 617 398 654 Embaterii
428 616 572 655 factum
604 628 699 655 esse.

301 679 409 732 Ζεὺς
439 686 662 733 Βουλαῑος
691 686 913 734 appellatur
944 684 1194 723 Germanicus
1224 684 1263 721 in
1295 682 1427 721 Thera
1456 683 1593 721 insula.

245 786 318 816 nr.
341 774 395 816 23
426 794 481 809 z
509 776 564 815 IG
594 777 668 814 XII
690 777 726 824 3,
756 777 863 814 1393
895 793 950 808 z
979 776 1130 813 Dessau
1161 775 1271 812 8790
1285 787 1323 812 a:

393 865 473 907 Δία
504 867 750 917 Βου]λαῑον
781 860 1060 919 Γερμανικὸν
1092 864 1306 917 Καίσαρα.

189 959 308 996 Recte
349 958 451 996 hune
490 959 645 996 titulum
686 960 907 1008 suppletum
949 970 1033 996 esse
1074 960 1224 995 constat
1263 969 1311 995 ex
1350 957 1473 994 altero
1511 955 1681 994 eiusdem

189 1029 520 1064 monumentorum
552 1027 711 1064 ordinis:

246 1127 319 1156 nl·-
343 1114 398 1158 24
428 1135 483 1149 z
512 1117 567 1156 IG
597 1118 670 1155 XII
692 1118 727 1165 3,
760 1118 864 1155 1392
897 1134 952 1149 Ξ
982 1117 1133 1155 Dessau
1164 1116 1327 1154 879010:

392 1203 569 1247 Ἑστίαν
607 1205 836 1248 Βουλαίαν
875 1203 1164 1260 Άγριππίναν
1207 1201 1291 1246 τὰν
1333 1204 1500 1259 ματέρα
1542 1203 1684 1246 Γαίου

396 1274 618 1328 Καίσαρος
649 1275 884 1325 Σεβαστοῦ
915 1271 941 1313 ὀ
973 1274 1122 1327 δᾶμος.

190 1366 365 1405 Indidem
397 1368 519 1416 petita
550 1370 607 1405 est
636 1367 834 1416 inscriptio
867 1367 915 1404 ad
942 1367 1224 1416 Vespasianum
1255 1366 1453 1415 pertinens
1478 1365 1530 1404 IG
1553 1366 1627 1403 XII
1649 1366 1684 1413 3,

195 1435 314 1474 1394.
392 1436 516 1473 Tituli
561 1438 671 1473 erant
715 1435 924 1484 subscripti
970 1436 1103 1473 statuis
1148 1447 1224 1472 uno
1271 1434 1406 1472 ordine
1449 1434 1488 1471 in
1533 1434 1683 1472 theatro

192 1504 341 1552 positis3
376 1505 478 1542 inter
512 1503 656 1541 formas
692 1504 906 1542 litterarum
937 1503 1035 1541 nihil
1066 1503 1294 1541 discriminis
1324 1502 1548 1549 intercedit,
1582 1501 1685 1539 unde

192 1575 354 1621 apparet
377 1585 454 1610 non
479 1574 568 1609 ante
586 1572 816 1621 Vespasiani
839 1574 1015 1621 tempora
1034 1572 1168 1609 titulos
1189 1573 1334 1620 positos
1357 1572 1394 1608 et
1416 1570 1685 1608 Germanicum

193 1640 529 1689 Agrippinamque
556 1643 644 1689 post
671 1643 832 1678 mortem
860 1639 1000 1677 divinis
1027 1639 1319 1688 cognominibus
1346 1639 1569 1688 appellatos
1591 1650 1685 1676 esse.

307 1720 453 1758 Eadem
481 1720 660 1770 epielesis
688 1720 828 1758 omisso
856 1720 1009 1758 nomine
1037 1719 1099 1757 dei
1121 1720 1299 1768 Augusto
1327 1719 1471 1756 inditur
1491 1718 1685 1767 Pergami:

253 1821 323 1851 nl'.
346 1809 400 1852 25
431 1829 486 1844 Ξ
516 1812 688 1850 Mionnet
717 1812 754 1849 II
783 1824 819 1861 p.
843 1811 924 1849 594
954 1823 1010 1849 nr.
1033 1811 1130 1849 538:

399 1902 612 1955 Σεβαστῷ
642 1901 829 1955 Καίσαρι
861 1900 1071 1954 Βουλαίῳ
1103 1903 1235 1951 (caput
1264 1901 1494 1950 laureatum)

196 1996 235 2032 et
265 1993 462 2032 Hadriano
493 1993 645 2032 Abeae:

255 2095 326 2125 nr.
349 2082 404 2124 ‘26
434 2102 489 2117 z
519 2084 604 2123 OIG
638 2085 761 2122 1307:

394 2172 623 2228 Ἁὸριανοῦ
653 2173 896 2215 Βουλαίου.

200 2267 292 2306 Cum
328 2268 367 2304 in
404 2270 566 2315 utroque
603 2266 745 2316 oppido
783 2269 967 2315 quantum
1003 2265 1177 2304 videmus
1215 2260 1322 2313 Ζεὺς
1353 2267 1576 2312 Βουλαῐος
1611 2278 1688 2303 non

200 2336 325 2373 cultus
365 2336 429 2382 sit,
468 2347 546 2372 non
586 2338 643 2372 est
683 2334 786 2383 quod
826 2337 1001 2383 putemus
1041 2334 1230 2383 epiclesin
1270 2334 1319 2371 ad
1360 2335 1612 2383 imperatores
1650 2336 1689 2371 ut

199 2398 421 2450 συννάους
451 2403 677 2440 translatam
709 2414 804 2440 esse.

315 2477 424 2529 Ζεύς
453 2481 666 2534 Πατρῷος
697 2481 802 2518 audit
833 2483 1031 2536 Augustus
1062 2481 1100 2518 in
1131 2482 1244 2519 titulo
1275 2481 1627 2518 Halicarnassensi:

260 2582 330 2612 nl'.
353 2570 405 2612 27
437 2589 493 2605 :-
522 2572 621 2610 Ane.
643 2571 706 2610 Gr.
727 2573 846 2609 Inscr.
873 2571 926 2609 IV
947 2571 1045 2609 894:

407 2661 606 2715 Καίσαρα
641 2658 723 2702 τὸν
761 2657 989 2711 Σεβαστὸν
1026 2659 1292 2715 ἐνεγκαμένη
1329 2656 1410 2700 τὸν
1445 2661 1549 2700 καθ’
1581 2656 1690 2714 ἡμᾶς

405 2722 634 2783 εὐδαίμονι
679 2728 779 2783 βίῳ,
824 2727 994 2783 πατέρα
1037 2727 1116 2782 μὲν
1156 2730 1232 2784 τῆς
1274 2724 1435 2769 ἑαυτοῦ
1475 2726 1690 2779 πατρίδος

406 2797 515 2845 θεᾶς
557 2794 744 2851 Ῥώμης,
790 2795 869 2837 Δία
914 2796 960 2837 δὲ
1007 2796 1228 2850 Πατρῷον
1272 2795 1345 2836 καὶ
1392 2796 1565 2850 σωτῆρα
1608 2794 1690 2835 τοῦ

407 2865 566 2906 κοινοῦ
595 2865 688 2905 τῶν
719 2859 979 2918 ἀνθρώπων
1008 2864 1164 2917 γένους
1195 2895 1203 2903 .
1229 2896 1237 2905 .
1262 2896 1270 2904 .
