1992 3261
262 269 342 307 292

260 383 304 420 In
341 383 504 420 nummis
540 382 648 421 audit
677 378 785 431 θεὸς
819 379 1051 437 Θεοφάνης
1089 383 1186 432 (Cat.
1208 384 1301 423 Brit.
1321 385 1417 424 Mus.
1438 385 1584 424 Lesbos
1614 397 1650 435 p.
1675 386 1754 424 198

260 463 316 488 nr.
343 451 420 489 158
438 450 548 500 sqq.).

374 530 615 568 Antoninum
637 531 746 569 Pium
770 530 930 581 Spartae
961 532 1116 570 nomine
1145 532 1249 570 Iovis
1269 532 1485 571 Eleutherii
1515 534 1756 583 appellatum

262 611 345 637 esse
375 598 412 636 hi
443 601 634 637 testantur
664 600 779 637 tituli.

318 712 391 743 nr.
414 699 468 742 15
490 721 544 733 =
566 702 652 742 OIG
688 703 793 740 1313
812 714 869 752 sq.
891 721 943 734 =
966 703 1020 741 Le
1052 704 1127 741 Bas
1158 703 1196 741 II
1229 703 1307 741 189
1327 715 1429 752 sqq.:

466 792 572 833 Zaz’i
604 788 869 847 Ἐλευθερίῳ
891 787 1163 848 Άντωνείνῳ
1193 793 1373 848 σωτῆρι.

319 894 392 926 nr.
418 881 469 924 16
491 903 544 916 =
566 885 621 923 Le
652 886 727 923 Bas
758 886 796 922 ΙΙ
823 887 919 923 192;

461 973 574 1017 Ζαυὶ
596 968 861 1030 Ἐλευθερίῳ
890 975 959 1016 καὶ
989 972 1205 1030 Ὀλυμπίῳ
1223 973 1492 1030 Άντωιέίνςι)
1524 977 1698 1031 σωτῆρι.

262 1078 504 1116 Adiciendus
536 1080 594 1117 est
623 1079 758 1116 titulus
788 1078 1058 1118 Atheniensis:

319 1179 391 1210 nl'.
418 1166 466 1209 17
490 1188 543 1200 =
564 1169 618 1208 IG
648 1170 705 1207 III
728 1170 824 1207 527:

467 1259 576 1301 Ζαυὶ
606 1254 871 1313 Ἐλευθερίῳ
896 1253 1166 1314 Άντωυείυφ
1196 1261 1371 1314 σωτῗρι.

263 1363 377 1400 Hunc
407 1363 559 1400 titulum
592 1362 641 1400 ad
669 1363 830 1400 verbum
862 1375 946 1401 cum
977 1364 1168 1413 prioribus
1199 1366 1485 1413 congruentem,
1516 1375 1600 1402 oum
1632 1375 1758 1401 sermo

264 1442 350 1468 eum
381 1443 458 1469 non
489 1444 512 1468 a
543 1432 627 1469 cive
654 1431 887 1469 Atheniensi
919 1432 1102 1481 seriptum
1134 1444 1219 1470 esse
1250 1431 1399 1479 doceat,
1430 1432 1515 1470 veri
1544 1432 1670 1469 simile
1702 1433 1760 1469 est

263 1499 428 1548 positum
460 1511 545 1537 esse
577 1512 600 1537 a
624 1499 936 1538 Lacedaemonio
967 1501 1049 1538 viro
1072 1500 1236 1538 Athenis
1267 1500 1478 1538 habitante.
1536 1499 1760 1548 Cognomen

264 1567 312 1605 ab
362 1567 562 1605 Hadriano
613 1568 662 1605 ad
711 1569 951 1606 Antoninum
1002 1569 1111 1606 Pium
1165 1570 1395 1607 translatum
1445 1580 1530 1606 esse
1579 1568 1761 1618 opinatur

266 1637 322 1672 W.
346 1635 540 1685 Weber,1)
581 1648 707 1684 neque
746 1640 876 1674 tamen
916 1637 951 1675 ei
992 1637 1171 1675 assentiri
1209 1648 1382 1686 possum,
1422 1648 1507 1674 oum
1539 1636 1759 1674 Hadrianus

265 1703 397 1740 audiat-
428 1699 537 1750 Ζεῦς
568 1697 847 1757 Ἐλευθέριος
882 1717 960 1742 non
996 1706 1069 1742 nisi
1097 1705 1262 1743 Athenis
1299 1708 1337 1742 et
1366 1705 1499 1753 Lesbi,
1537 1704 1760 1742 Antoninus

265 1771 443 1820 Spartae,
480 1772 545 1809 ubi
582 1784 668 1810 oum
705 1771 783 1811 Δία
817 1768 1100 1824 Ἐλευθέριον
1137 1785 1184 1810 ex
1221 1774 1493 1822 antiquissimis
1523 1772 1759 1821 temporibus

265 1840 409 1877 cultum
432 1851 515 1877 esse
537 1842 698 1878 testetur
717 1841 850 1879 titulus
866 1840 961 1879 IGA
979 1841 1062 1878 49a
1079 1841 1167 1879 add.
1182 1839 1384 1881 Διοικέτα
1401 1838 1760 1891 Διωλευθερί[ω],

265 1919 479 1956 cognomen
512 1909 711 1946 Antonino
751 1908 914 1946 inditum
954 1920 1038 1947 esse
1077 1913 1206 1958 potest
1245 1910 1356 1947 nulla
1386 1909 1573 1946 Hadriani
1610 1909 1761 1946 rat-ione

264 1975 406 2013 habita.

378 2045 546 2083 Nomine
566 2046 670 2083 lovis
691 2045 863 2095 Olympii
884 2047 1085 2095 Augustus
1116 2048 1339 2096 appellatur
1365 2047 1403 2084 in
1431 2048 1610 2095 quattuor
1635 2045 1759 2084 titulis

265 2114 381 2151 Lesbi
411 2114 586 2162 repertis,
619 2126 666 2151 ox
698 2114 836 2163 quibus
867 2115 1014 2152 Tiberii
1045 2116 1162 2153 aetati
1191 2115 1427 2154 attribuendi
1457 2117 1545 2153 sunt
1573 2113 1631 2152 hi:

323 2226 398 2257 nr.
420 2214 474 2256 18
497 2235 547 2247 =
571 2217 625 2255 IG
657 2218 729 2255 XII
752 2219 787 2264 2,
811 2219 889 2256 206
913 2237 966 2249 =
988 2218 1078 2257 IGR
1108 2219 1162 2256 IV
1185 2220 1258 2256 72:

472 2305 496 2347 ὀ
535 2306 669 2361 δᾶμος
705 2306 1036 2362 Αὕτοκράτορα
1073 2309 1268 2363 Τιβέριον
1306 2308 1498 2362 Καίσαρα
1529 2307 1759 2359 Σέβαστον

470 2375 608 2416 παῖδα
639 2375 740 2425 Δίος
770 2377 988 2431 Καίσαρος
1019 2371 1237 2430 Όλυμπίω
1267 2374 1490 2427 Σεβάστω.

325 2490 397 2521 nr.
424 2477 474 2520 19
498 2499 547 2511 =
570 2480 625 2519 IG
656 2481 710 2517 XI
731 2481 767 2528 2,
790 2481 871 2518 540
894 2500 946 2512 =
968 2482 1056 2520 IGR
1086 2482 1139 2519 IV
1165 2483 1235 2519 ll:

474 2566 751 2623 Γερμάυικου
818 2568 1064 2622 mauman»
1124 2571 1325 2625 Καίσαρα
1391 2565 1759 2624 Α]ύτοκράτορος

473 2642 637 2687 (rasura)
669 2638 872 2691 [Τιβερίω
906 2640 1143 2693 Καίσαρος]
1176 2636 1389 2691 Σεβάστω
1420 2639 1570 2689 παῖδα,
1605 2634 1760 2679 παιδό-

472 2705 625 2757 π[αιδα
655 2705 699 2747 δὲ
727 2707 843 2757 Δι’]ος
874 2707 1092 2761 Καίσαρος
1120 2702 1372 2761 Ὀλ[υ]μπίω
1401 2704 1631 2759 [Σεβάστω
1661 2701 1758 2757 τὸν]

474 2788 720 2829 ευεργεταυ.

385 2922 411 2964 ¹)
435 2921 457 2955 l.
476 2931 505 2956 c.
530 2932 565 2965 p.
587 2923 648 2955 136
673 2920 752 2955 adn.
771 2923 847 2955 485.
