1992 3261
275 265 355 303 300

273 376 369 414 deae
397 377 525 414 cultae
552 379 640 414 sunt
666 378 735 416 sub
762 378 916 415 nomine
944 377 1068 416 θεῶν
1096 373 1352 430 Ἐτηφιλῶν,
1384 378 1543 426 quaein
1566 379 1767 416 nonnullis

272 445 394 482 titulis
429 445 697 483 inveniuntur:
739 445 791 484 IG
818 446 892 483 XII
922 446 956 492 2,
986 446 1078 482 222.
1121 445 1213 483 255.
1255 446 1347 483 263.
1388 445 1471 483 484
1508 465 1561 477 =
1598 446 1687 485 IGR
1713 446 1768 484 IV

276 513 407 562 116.1)
458 511 627 558 Quarum
659 513 814 551 dearum
845 515 1036 563 interpres
1067 516 1125 552 est
1155 513 1371 561 Hesychius
1403 525 1430 552 s.
1451 527 1486 551 v.
1517 510 1767 568 Ἐταιᾳίλη·

272 577 298 633 ἡ
333 576 606 634 Περσεφόνη.
672 583 761 619 Non
802 584 858 620 est
899 581 1166 629 dubitandum,
1209 582 1302 630 quin
1343 581 1416 620 dea
1452 574 1680 635 Ἐταιφὶλη
1720 582 1769 620 sit

273 648 408 687 eadem
439 653 555 698 atque
586 641 813 703 'Empe-iam
845 649 1133 687 memorandum
1165 652 1291 687 autem
1324 653 1381 687 est
1411 651 1628 699 complures
1660 645 1768 697 θεὰς

274 713 506 769 Ἐτηφὶλας
550 717 703 755 laudari
743 718 783 755 in
823 719 935 755 titulo
978 718 1031 757 IG
1060 718 1133 755 XII
1164 720 1197 765 2,
1227 718 1307 756 255
1348 714 1492 770 ἱέρεαι)
1531 717 1615 757 τᾶν
1655 716 1769 758 θέαν

271 775 518 839 Ἐτηφίλαν,
568 798 799 834 quamquam
850 782 1056 838 Ἐτηφίλα
1108 789 1165 823 est
1216 786 1461 835 Proserpina.
1535 787 1621 824 Nisi
1669 785 1768 824 forte

273 856 384 902 putas
415 853 705 903 intellegendas
737 866 820 892 esse
852 854 1030 892 Cererem
1063 857 1101 891 et.
1132 855 1419 903 Proserpinam,
1450 866 1548 903 quae
1578 855 1617 891 in
1647 854 1770 891 titulis

273 921 471 960 Africanis
516 933 633 971 saepe
677 922 839 959 audiunt
880 923 1098 970 Cereres,2)
1144 918 1368 975 Ἐτηφίλαι
1408 921 1571 960 fortasse
1610 922 1770 960 eaedem

275 992 363 1027 sunt
394 993 509 1038 atque
540 988 642 1029 θεαὶ
675 985 982 1042 Καρποφόροι,
1015 1002 1113 1038 quae
1144 991 1393 1028 inveniuntur
1421 991 1462 1027 in
1491 991 1603 1028 titulo
1634 991 1667 1028 si
1692 1002 1769 1028 non

279 1060 383 1095 certe
423 1057 564 1096 Lesbio
606 1061 775 1096 attamen
814 1059 980 1096 Aeolico
1021 1058 1104 1097 CIG
1138 1059 1246 1096 2175
1288 1056 1377 1108 κα]ὶ
1417 1054 1662 1112 Δήμη[τρος
1698 1056 1771 1097 καὶ

278 1124 419 1175 θέων]
453 1122 783 1179 Καρποφόρων.
844 1127 925 1164 Has
963 1126 1056 1164 deas
1087 1127 1279 1174 mysteriis
1311 1127 1437 1164 cultas
1469 1138 1552 1165 esse
1583 1138 1772 1175 apparere

275 1194 428 1231 videtur
471 1206 518 1232 ex
558 1195 681 1232 titulis
719 1194 770 1232 IG
793 1195 867 1231 XII
890 1196 925 1241 2,
949 1194 1028 1232 255
1071 1191 1216 1246 iim-ccv
1256 1194 1340 1233 τᾶν
1379 1193 1494 1234 θέαι)
1534 1185 1770 1247 Ἐτηφίλαυ

276 1260 345 1300 καὶ
390 1260 614 1313 Καρίσσαν
659 1260 729 1301 καὶ
778 1258 1029 1314 ἐρσόφορου
1073 1262 1166 1301 τῶν
1213 1255 1473 1314 ἁγιωτάτων
1514 1261 1770 1314 μυσταρίων

275 1333 312 1368 et
346 1330 400 1368 IG
421 1330 495 1368 XII
518 1331 553 1377 2,
575 1330 657 1367 484
689 1349 742 1361 =
774 1330 863 1368 IGR
884 1331 937 1367 IV
961 1331 1039 1368 116
1072 1329 1253 1384 Βρῆσον
1287 1362 1294 1369 .
1321 1363 1326 1369 .
1354 1362 1360 1369 .
1396 1325 1503 1370 ὄντα
1537 1363 1545 1369 .
1571 1363 1578 1369 .
1602 1362 1610 1369 .
1643 1329 1770 1380 τῶ(υ)

274 1393 516 1447 Σεβάστων
554 1397 843 1451 μυστηρίω(ι·)
887 1397 1097 1445 Πνιστίας
1138 1392 1366 1451 Ἐτηφίλας
1409 1432 1414 1437 .
1446 1430 1453 1437 .
1485 1430 1493 1438 .
1531 1393 1769 1450 πάρεδρον.

275 1466 378 1504 Cave
420 1470 547 1503 autem
584 1469 695 1515 putes
731 1467 972 1515 Agrippinas
1007 1467 1107 1504 inter
1143 1466 1212 1504 has
1249 1467 1342 1504 deas
1377 1472 1556 1516 receptas
1593 1470 1631 1504 et
1664 1467 1772 1504 iuxta

274 1534 547 1583 Proserpinam
593 1538 631 1572 et.
675 1534 838 1572 fortasse
885 1534 1062 1572 Cererem
1108 1535 1234 1571 cultas
1279 1546 1379 1581 esse,
1429 1546 1514 1572 cum
1558 1535 1680 1572 minor
1723 1534 1773 1572 sit

276 1600 608 1654 γυμνασίαρχος,
638 1614 712 1650 quo
741 1614 897 1640 munere
926 1602 1035 1650 fungi
1064 1602 1137 1639 dea
1164 1614 1240 1639 non
1266 1603 1400 1651 potuit,
1426 1613 1552 1650 neque
1574 1601 1771 1650 habemus,

275 1681 361 1707 eum
405 1670 591 1708 minorem
632 1670 891 1719 Agrippinam
935 1671 975 1706 in
1020 1671 1164 1708 cultum
1209 1672 1405 1719 receptam
1451 1682 1535 1708 esse
1575 1682 1770 1719 negemus,

274 1750 341 1776 eur
381 1738 518 1776 maiori
553 1738 592 1775 id
629 1738 817 1775 accidisse
856 1749 1092 1776 censeamus.
1151 1737 1284 1775 Nihilo
1321 1739 1445 1776 minus
1481 1750 1546 1776 cas
1581 1738 1770 1776 rationem

274 1806 458 1844 habuisse
499 1818 583 1844 cum
622 1808 813 1854 mysteriis
852 1818 897 1844 ex
936 1807 1164 1854 cognomine
1203 1805 1418 1856 efficitur.3)
1477 1806 1658 1845 Fortasse
1695 1806 1770 1845 huc

274 1875 515 1913 revocandus
537 1878 595 1912 est
617 1875 730 1912 etiam
752 1875 888 1912 titulus
916 1874 967 1912 IG
990 1875 1063 1912 XII
1085 1876 1120 1921 2,
1143 1875 1222 1911 262
1248 1906 1254 1913 .
1275 1906 1283 1914 .
1304 1874 1387 1924 .]0v
1408 1867 1489 1914 τὸν
1510 1869 1712 1926 πάτερα[.
1732 1905 1740 1914 .
1761 1905 1769 1913 .

275 1941 388 1982 θέαν
409 1935 675 1994 Ε]1’·ετηρίαυ
697 1937 976 1992 Σεβ(ἓστ[αυ].
1008 1938 1228 1995 Εὕετηρία
1255 1954 1470 1991 cognomen
1491 1946 1548 1980 est
1569 1942 1770 1992 Cereris,‘¹)

275 2011 343 2049 sed
374 2014 498 2048 utrum
530 2023 606 2048 una
638 2023 685 2048 an
719 2012 937 2059 complures
968 2011 1232 2059 imperatrices
1263 2011 1510 2060 appellentur
1539 2011 1772 2060 ignoramus.

389 2134 573 2174 Omnibus
599 2135 657 2173 his
685 2136 782 2173 locis
809 2147 949 2173 nomen
977 2135 1039 2173 dei
1066 2135 1198 2173 addita
1226 2135 1387 2184 epiclesi
1414 2136 1514 2173 inter
1540 2135 1771 2184 cognomina

275 2204 514 2253 imperatoris
549 2206 747 2252 receptum
778 2203 960 2251 vidimus,
998 2203 1101 2252 quod
1133 2203 1276 2241 factum
1309 2215 1392 2241 esse
1423 2203 1527 2251 ideo,
1564 2206 1604 2241 ut
1634 2204 1770 2241 merita

275 2272 517 2321 imperatoris
554 2271 853 2318 celebrarentur,
895 2271 1025 2309 docuit
1063 2271 1258 2309 decretum
1295 2271 1587 2321 Acraephiense
1624 2272 1696 2319 (nr.
1719 2272 1770 2319 7).

277 2339 362 2385 Qua
406 2341 445 2377 in
490 2351 530 2377 re
574 2351 650 2377 non
697 2344 772 2376 tam
818 2342 1031 2388 respectum
1076 2343 1133 2377 est
1172 2339 1220 2377 ad
1261 2351 1337 2387 res,
1384 2339 1522 2388 quibus
1561 2339 1771 2388 imperator

277 2420 362 2445 cum
399 2411 503 2446 certo
540 2407 611 2445 deo
644 2410 889 2455 congrueret,
926 2408 1025 2445 sicut
1055 2420 1077 2444 a
1107 2409 1230 2456 poetis
1260 2408 1532 2457 imperatorem
1563 2419 1647 2445 cum
1678 2407 1770 2445 Iove

276 2479 537 2525 comparatum
575 2475 737 2513 vidimus
773 2478 998 2524 propterea,
1039 2476 1142 2524 quod
1178 2479 1338 2524 uterque
1375 2476 1575 2524 imperium
1612 2475 1770 2522 obtinet,

277 2548 314 2582 et
360 2556 459 2593 quac
501 2544 600 2582 talia
644 2556 759 2593 supra
799 2544 928 2591 attuli,
975 2555 1088 2592 quam
1128 2544 1178 2582 ad
1218 2544 1336 2591 vires,
1382 2555 1477 2592 quas
1520 2543 1601 2581 deis
1642 2544 1769 2581 inesse

277 2613 481 2661 epicleseis
525 2611 752 2661 significant.
821 2611 1059 2660 Quamquam
1105 2624 1182 2649 non
1229 2623 1378 2661 semper
1420 2610 1502 2649 ficri
1542 2613 1683 2660 potest,
1728 2613 1770 2648 ut

460 2733 497 2767 f.
523 2732 639 2767 Hiller
664 2732 710 2766 de
735 2732 975 2777 Gaertringen
1000 2733 1038 2767 P
1042 2733 1114 2767 -.W
1141 2733 1192 2768 VI
1212 2735 1287 2768 172

464 2789 498 2823 f.
524 2789 566 2824 G
580 2789 761 2824 Wissowa
785 2788 822 2822 l.
829 2789 901 2823 W.
927 2789 981 2860 lII
1002 2791 1098 2823 1978.
