1992 3261
1562 217 1641 253 329

148 335 218 374 has
263 336 511 384 aequationes
557 335 713 384 publico
759 333 921 372 consilio
967 332 1089 370 factas
1137 344 1220 370 esse
1266 343 1360 381 opus
1402 334 1468 370 est.
1537 331 1643 369 Idem

149 404 257 441 valet
289 403 338 441 de
368 404 549 451 nummis,
586 403 651 451 qui
681 402 729 440 ab
761 400 912 451 oppidis
944 401 1026 438 cusi
1058 401 1328 449 imperatorem
1361 400 1433 437 deo
1465 402 1643 448 aequant.

149 471 294 510 Contra
323 471 478 520 probari
509 473 638 520 potest
667 470 831 518 singulis
862 468 1081 506 hominibus
1107 468 1263 506 licuisse
1289 468 1540 517 imperatores
1562 467 1644 505 deis

149 550 336 587 aequare3
377 539 484 576 euius
521 539 577 576 rei
607 537 863 576 testimonium
897 539 954 574 est
984 537 1246 586 Pergamenus
1276 536 1411 573 titulus
1442 536 1514 586 (nr.
1538 536 1644 584 102),

149 607 215 656 qui
254 606 492 645 Hadrianum
530 606 808 655 Aesculapium
850 605 1035 654 appellat.
1094 605 1193 642 Nam
1234 605 1452 653 complures
1493 606 1645 642 exstant

148 675 417 724 inscriptiones
459 674 719 713 dedicatoriae
763 674 1045 722 Pergamenae,
1091 684 1189 721 quae
1234 672 1284 710 ad
1325 672 1564 710 Hadrianum
1605 683 1645 710 se

148 745 303 781 vertunt
329 743 483 781 nomine
505 742 736 792 Aesculapii
762 753 840 780 non
861 741 1012 780 adiecto
1034 738 1169 793 (Inscr.
1190 741 1302 790 Perg.
1325 740 1416 778 364.
1440 741 1519 777 366
1535 740 1646 790 sqq.).

148 811 249 849 Num
281 811 320 849 C.
342 811 486 850 Caesar
517 809 684 849 Athenis
722 810 950 848 auctoritate
986 810 1122 858 populi
1159 821 1207 846 an
1238 809 1389 857 privat-a
1419 808 1645 846 adulatione

148 879 263 916 Marti
305 881 493 928 aequatus
535 879 583 916 sit
624 880 696 926 (nr.
726 878 805 927 95),
845 878 884 914 in
921 877 1037 915 dubio
1073 879 1259 923 remanet,
1298 877 1524 925 praesertim
1561 888 1645 914 cum

148 947 300 994 titulus,
343 948 408 995 qui
449 959 533 985 eum
574 949 689 985 vocat
721 938 871 999 Ἄρηος
909 940 1021 994 υἱόν,
1060 946 1223 994 scriptus
1254 945 1302 983 sit
1332 948 1417 993 post
1449 957 1550 991 eum,
1582 945 1646 992 qui

149 1012 254 1054 νέου
286 1007 385 1068 Ἄρη
426 1027 510 1053 eum
554 1015 749 1064 appellat;
790 1013 1000 1052 notandum
1041 1016 1168 1051 autem
1209 1016 1268 1051 est
1306 1013 1345 1050 in
1385 1015 1548 1061 utraque
1588 1013 1645 1049 in-

151 1084 361 1133 scriptione
403 1084 553 1130 Attica,
598 1095 698 1131 quae
743 1083 822 1120 eius
867 1082 1099 1120 mentionem
1144 1081 1252 1128 facit,
1296 1093 1381 1118 eum
1421 1080 1557 1119 referri
1596 1080 1646 1118 ad

149 1152 322 1198 Martem,
353 1163 438 1188 cum
466 1163 592 1200 neque
613 1151 656 1188 L.
680 1151 823 1190 Caesar
844 1150 912 1199 (IG
934 1150 992 1187 III
1014 1150 1112 1198 445)
1134 1161 1260 1198 neque
1282 1150 1383 1186 alius
1404 1149 1646 1198 imperatoris

150 1220 388 1269 propinquus
419 1220 491 1257 illa
521 1221 647 1257 aetate
678 1219 718 1256 in
747 1219 882 1257 Attica
912 1217 984 1256 deo
1015 1220 1214 1266 aequetur.

262 1287 334 1325 Hic
372 1287 614 1335 aequationis
646 1285 798 1332 modus,
835 1286 941 1324 cuius
972 1285 1193 1323 testimonia
1222 1285 1262 1321 in
1292 1284 1366 1322 hoc
1398 1285 1524 1334 eapite
1555 1296 1646 1321 enu-

150 1356 307 1401 meravi,
345 1355 384 1392 in
414 1355 640 1404 propinquis
671 1355 908 1403 potissimum
938 1354 1214 1402 imperatorum
1245 1352 1459 1400 adhibetur,
1488 1364 1577 1390 raro
1607 1353 1647 1389 in

151 1423 447 1473 imperatoribus
487 1423 590 1472 ipsis.
649 1422 762 1468 Quod
802 1423 939 1459 mirum
979 1433 1057 1459 non
1093 1421 1286 1459 videbitur
1317 1422 1368 1468 ei,
1405 1422 1471 1470 qui
1500 1422 1539 1458 in
1569 1432 1646 1458 me-

149 1492 310 1529 moriam
349 1492 592 1529 revocaverit
633 1502 770 1528 causas
810 1489 1004 1538 aequandi
1042 1490 1081 1527 in
1116 1489 1413 1538 imperatoribus
1450 1501 1496 1527 ex
1532 1489 1646 1527 rebus

149 1559 334 1608 imprimis
379 1560 520 1608 petitas
566 1570 650 1597 esse
697 1559 744 1597 ab
789 1559 1020 1607 imperatore
1065 1558 1197 1606 gestis,
1242 1557 1480 1606 propinquos
1520 1559 1646 1595 autem

150 1629 378 1677 plerumque
423 1628 535 1664 nulla
579 1627 659 1664 alia
704 1627 751 1665 de
797 1637 914 1664 causa
958 1625 1040 1663 deis
1081 1628 1265 1674 aequatos
1307 1637 1392 1663 esse
1432 1629 1549 1674 atque
1590 1637 1646 1672 ea,

150 1695 254 1744 quod
298 1698 379 1733 tota
424 1695 556 1733 domus
601 1695 849 1744 imperatoria
892 1706 976 1732 cum
1023 1693 1104 1731 deis
1146 1694 1453 1742 comparabatur.
1523 1693 1646 1739 Quam

152 1764 200 1802 ob
245 1776 324 1802 rem
366 1763 416 1801 ad
456 1764 737 1813 comparandos
777 1765 1030 1813 imperatores
1071 1763 1239 1811 aptiores
1281 1764 1390 1799 erant
1431 1761 1494 1799 dei
1534 1763 1647 1800 certis

150 1832 443 1881 cognominibus
469 1831 646 1881 praediti,
678 1832 815 1880 quibus
842 1832 1096 1880 impera-tores
1122 1832 1281 1879 propter
1307 1831 1442 1867 merita
1463 1833 1648 1878 aequatos

153 1911 236 1939 esse
265 1901 340 1937 iam
371 1911 487 1948 supra
517 1912 553 1948 p.
577 1900 657 1937 300
688 1899 996 1937 commemoravi.
1046 1898 1153 1944 Quae
1185 1899 1215 1936 si
1241 1898 1540 1945 consideramus,
1570 1910 1648 1935 non

151 1969 286 2006 mirum
332 1971 406 2014 est,
452 1967 556 2015 quod
600 1971 677 2005 tam
722 1978 809 2005 raro
850 1967 1058 2016 imperator
1096 1978 1166 2015 pro
1207 1977 1309 2003 novo
1350 1967 1443 2004 Iove
1485 1966 1648 2004 habetur

152 2037 263 2074 nullo
304 2036 438 2074 addito
479 2037 723 2084 cognomine,
765 2047 850 2073 cum
887 2034 961 2072 hac
998 2035 1239 2083 aequationis
1270 2033 1393 2071 forma
1423 2045 1484 2072 res
1515 2037 1647 2082 gestae

151 2117 229 2142 non
258 2105 487 2143 indicentur.
1658 2085 1662 2092 ⁷

269 2206 453 2244 Divinum
486 2216 699 2254 cognomen
730 2205 958 2254 plerumque
988 2204 1204 2242 nominibus
1235 2205 1491 2254 postponitur,
1522 2215 1648 2252 neque

151 2278 281 2313 tamen
330 2274 561 2312 discriminis
611 2273 817 2321 quicquam
860 2272 1025 2310 indicari
1070 2273 1299 2321 cognomine
1345 2272 1564 2321 anteposito
1611 2274 1647 2308 et

153 2342 243 2380 inde
275 2344 446 2392 apparet,
478 2341 581 2389 quod
612 2341 650 2378 in
680 2341 843 2378 nummis
875 2339 1045 2378 eiusdem
1076 2340 1209 2389 oppidi
1231 2340 1434 2388 (Alindae)
1456 2351 1510 2377 nr.
1529 2339 1579 2376 53
1594 2351 1648 2386 sq.

153 2411 344 2448 Plautilla
385 2409 490 2447 audit
530 2410 569 2446 in
606 2409 682 2446 alio
716 2406 971 2448 Πλαυτίλλα
1004 2405 1079 2447 νέα
1114 2404 1197 2447 ,9ἐά
1217 2400 1345 2461 (Ἡρα,
1382 2409 1420 2444 in
1452 2408 1538 2444 aliis
1571 2404 1647 2445 νέα

153 2472 240 2518 θεὰ
264 2473 377 2530 ιἩρα
413 2475 671 2517 ΙΙλαύτίλλα
708 2479 745 2514 et
781 2488 829 2513 ex
867 2476 1194 2524 appellationibus
1225 2472 1456 2528 Ἀφροδίτη
1489 2472 1646 2526 Λαμία,

154 2544 406 2598 Πυθιονίκη
421 2537 666 2597 Ἀφροδίτη,
682 2536 881 2595 Ἀρσινόη
902 2536 1141 2596 Ἀφροδίτη,
1159 2537 1392 2595 Ἀφροδίτη
1409 2540 1646 2594 Βελεστίχη

153 2615 206 2663 (p.
228 2614 308 2652 309
326 2615 409 2662 sq.),
449 2625 549 2662 quae
579 2616 684 2651 certe
714 2613 814 2649 inter
844 2623 885 2649 se
916 2623 993 2649 non
1025 2611 1213 2650 differunt.
1272 2613 1379 2649 Inter
1408 2611 1564 2648 nomina
1593 2610 1648 2646 in-

153 2682 291 2720 seritur
330 2693 545 2731 cognomen
585 2682 623 2718 in
660 2681 782 2718 titulis
818 2691 874 2717 nr.
902 2680 953 2716 46
991 2674 1077 2718 θεὰ
1112 2677 1293 2719 Λειουία
1315 2672 1428 2730 (Ἡρα
1459 2676 1534 2717 νέα
1567 2678 1649 2717 Σε-

155 2745 308 2801 βαστή,
339 2761 395 2787 nr.
417 2750 467 2786 47
502 2742 664 2789 Ἰουλία
685 2742 796 2800 (Ἡρα
830 2742 1045 2801 Σεβαστή,
1088 2759 1143 2784 nr.
1166 2747 1217 2783 49
1251 2741 1406 2786 Ἰουλία
1437 2744 1513 2785 νέα
1534 2737 1647 2797 (Ἡρα

155 2817 351 2866 Σαβεῑνα
383 2813 598 2870 Σεβαστή.

223 2939 303 2965 Dies.
317 2939 388 2965 Hal.
409 2938 473 2972 XX,
487 2940 512 2965 3.
1400 2935 1442 2968 22
