1992 3261
1588 242 1668 279 307

174 354 322 392 Eodem
359 355 588 403 cognomine
625 358 762 393 ornata
791 366 874 393 esse
905 355 1058 393 videtur
1089 354 1253 393 Athenis
1285 355 1323 392 in
1354 355 1483 402 titulo,
1524 356 1589 404 qui
1619 355 1669 392 ad

175 421 355 460 Cererem
401 434 552 471 quoque
597 423 790 471 pertinere
835 424 977 472 potest,
1028 422 1217 459 Hadriani
1263 425 1389 460 autem
1434 423 1669 472 temporibus

176 490 416 540 conscriptus
449 493 526 528 est:

232 602 304 634 nr.
328 590 380 633 72
411 611 465 624 =
496 593 550 632 IG
580 593 637 630 III
664 594 711 630 12
743 605 778 633 v.
811 593 884 631 33:

378 686 509 744 θεὰν]
541 691 762 748 εῧεργέτιν
793 691 1119 748 καρπ[οφόρου.
1134 697 1161 745 1)

289 839 315 883 1)
348 838 430 874 Duo
467 839 563 874 tituli
599 838 691 874 falso
724 839 770 874 ad
804 839 971 875 Sabinam
1004 839 1125 875 Cereri
1158 843 1350 885 aequatam
1384 841 1545 875 revocati
1578 844 1669 886 sunt,

175 905 326 940 quorum
350 895 440 930 alter
464 899 627 940 repertus
652 899 707 931 est
731 907 844 941 prope
862 896 1068 932 Eleusinem
1092 896 1172 932 CIG
1189 900 1255 932 435
1280 913 1325 926 =
1350 897 1401 932 IG
1419 897 1473 932 ΙΙΙ
1492 900 1555 932 899
1576 895 1670 943 ἱερό-

175 963 311 996 φοιντιν
336 956 401 996 τῆς
425 948 613 997 νεωτέρας
642 953 703 986 Κλ.
726 949 935 995 Φιλοξέναν
967 954 1018 987 Τι.
1041 953 1228 987 Κλαυδίου
1254 950 1461 998 Πάτρωνος
1481 952 1672 995 Μελιτέως

175 1004 382 1053 θυγατέρα,
409 1004 691 1053 ἅργυρώσασαν
715 1005 783 1043 τὸν
807 1006 941 1055 βωμόν
965 1014 1029 1054 τῆς
1045 1006 1235 1055 νεωτέρας
1254 1012 1348 1045 θεοῦ
1370 1006 1671 1054 ἐπιμεληθέντος

174 1068 242 1109 τῆς
272 1060 493 1107 ἀναθέσεως
523 1069 591 1100 τοῦ
622 1062 705 1100 υἱοῦ
732 1061 855 1110 αὐτῆς,
905 1066 981 1107 Qua
1013 1067 1047 1100 in
1080 1067 1313 1110 inscriptione
1347 1066 1467 1101 verbis
1502 1063 1671 1112 νεωτέρα

176 1117 270 1162 θεός
296 1121 487 1166 significari
512 1121 680 1157 Sabinam
704 1126 852 1158 censent
878 1123 1027 1157 Boeckh
1053 1126 1090 1158 et
1116 1123 1382 1168 Dittenberger,
1418 1124 1553 1168 quippe
1579 1134 1671 1168 quae

175 1178 330 1222 Megaris
361 1186 509 1223 quoque
541 1179 722 1223 appellata
753 1180 800 1214 sit
824 1180 966 1214 nomine
993 1180 1144 1215 Cereris.
1193 1181 1258 1215 Cui
1284 1180 1444 1224 opinioni
1468 1186 1672 1225 repugnant

174 1234 219 1268 A.
245 1235 445 1269 Mommsen
477 1235 603 1280 (Feste
636 1236 701 1270 der
733 1236 838 1270 Stadt
861 1236 980 1271 Athen
1007 1238 1141 1281 12'2‘33)
1176 1237 1325 1282 eiusque
1359 1237 1514 1281 vestigia
1546 1238 1672 1281 legens

174 1290 232 1326 W.
251 1291 387 1326 Weber
412 1291 450 1334 (l.
468 1302 497 1326 c.
522 1303 558 1336 p.
580 1292 670 1335 174).
718 1291 836 1327 Affert
860 1294 1059 1328 Mommsen
1085 1293 1177 1328 duos
1201 1294 1313 1338 locos,
1347 1293 1479 1338 quibus
1504 1291 1672 1339 νεωτέρα

174 1343 269 1389 θεός
300 1348 333 1382 h.
360 1358 390 1383 e.
416 1349 630 1393 Proserpina
662 1349 832 1394 opposita
863 1352 918 1384 est
948 1347 1189 1398 nps‹5ssvraesspqc
1214 1351 1247 1385 h.
1274 1361 1305 1385 e.
1331 1350 1461 1385 Cereri.
1510 1351 1671 1395 Hesyeh.

175 1414 203 1439 s.
228 1415 262 1438 v.
298 1398 450 1438 ‘Paxoi‘
489 1401 530 1440 ἐν
565 1408 610 1448 τῇ
646 1401 785 1450 Ἀττικῇ
818 1403 884 1440 δύο
919 1403 1015 1441 εἰσὶν
1048 1404 1083 1441 οἱ
1115 1403 1212 1452 πρός
1243 1410 1289 1451 τῇ
1320 1396 1503 1442 Ἐλευσῖνι
1532 1402 1672 1442 Ῥειτοὶ

177 1457 342 1505 ῥωγμοί.
379 1462 444 1495 καὶ
478 1456 498 1495 ὁ
533 1460 605 1504 μὲν
636 1458 732 1506 πρός
766 1466 809 1506 τῇ
848 1460 1019 1507 θαλάττῃ
1053 1467 1118 1507 τῆς
1148 1460 1410 1509 πρεσβυτέρας
1442 1466 1537 1498 θεοῦ
1570 1463 1672 1507 νομί-

178 1518 294 1560 ζεται,
328 1513 347 1552 ὁ
381 1516 420 1553 δὲ
454 1514 548 1564 πρὸς
580 1515 624 1553 τό
650 1515 744 1553 ἄστυ
769 1523 835 1563 τῆς
859 1517 1056 1565 νεωτέρας.
1106 1520 1157 1555 IG
1182 1520 1216 1554 ΙΙ
1236 1524 1265 1564 5,
1285 1521 1382 1555 8341)
1408 1521 1503 1556 1188
1531 1518 1573 1555 ἐκ
1596 1523 1672 1554 τῶν

176 1575 384 1619 θησαυρῶν
411 1571 582 1620 ἐξειρέθη
608 1579 686 1610 τῶν
712 1572 893 1611 Ἐλευσῖνι
918 1580 1000 1610 τοῖν
1024 1579 1135 1611 θεοῖν
1161 1573 1205 1612 ἐκ
1231 1581 1297 1612 τοῦ
1324 1581 1391 1622 τῆς
1414 1575 1674 1623 πρεσβυτέρας

177 1630 390 1675 φιλίππειοι
427 1628 493 1666 δύο
528 1660 535 1666 .
562 1660 569 1667 .
596 1660 603 1667 .
639 1628 682 1668 ἐκ
718 1635 787 1667 τοῦ
823 1636 891 1678 τῆς
927 1630 1119 1678 νεωτέρας
1155 1629 1289 1679 ὄβολοι
1328 1630 1393 1669 δύο
1428 1638 1566 1679 χρυσοῖ
1595 1662 1602 1669 .
1629 1662 1636 1669 .
1664 1662 1672 1670 .

176 1687 396 1732 Quamquam
437 1689 544 1733 igitur
579 1689 759 1724 hominem
797 1694 896 1724 certe
932 1690 1134 1735 significant
1171 1691 1283 1726 verba
1319 1688 1489 1736 νεωτέρα
1526 1688 1602 1725 θεά
1636 1691 1672 1725 in

175 1755 320 1780 nummo
347 1744 620 1781 Friedl.-Sallet
643 1758 678 1791 p.
699 1749 760 1781 115
786 1757 836 1781 nr.
856 1750 916 1781 361
947 1746 1173 1792 (Aegyptus)
1200 1747 1414 1782 Βασίλισσα
1440 1745 1670 1793 Κλεοπάτρα

177 1797 253 1835 θεά
278 1798 447 1847 νεωτέρα
481 1806 517 1837 et
549 1803 732 1847 duplicem
758 1803 871 1838 fuisse
897 1804 1080 1839 notionem
1105 1804 1378 1849 significationis
1405 1802 1571 1849 νεωτέρα
1596 1799 1674 1840 θεοί

176 1861 314 1903 pateat,
347 1862 466 1893 tamen
498 1859 533 1893 in
557 1860 663 1894 titulo
689 1860 874 1895 Eleusinio
899 1860 1177 1905 intellegendam
1204 1872 1284 1896 esse
1309 1861 1559 1906 Proserpinam
1583 1862 1673 1906 ipsis

177 1915 391 1950 testimoniis
415 1915 611 1950 Eleusiniis
636 1916 822 1951 evincitur.

291 1971 332 2006 In
361 1974 567 2007 transcursu
591 1972 726 2008 adnoto
753 1973 882 2008 eodem
906 1973 1016 2009 modo
1043 1974 1150 2008 etiam
1175 1973 1285 2009 verba
1311 1971 1392 2015 νέος
1417 1972 1510 2015 θεός
1536 1974 1672 2019 duplici

177 2028 316 2063 ratione
341 2039 450 2073 posse
476 2029 657 2073 explicari,
687 2040 769 2064 cum
794 2034 1011 2074 usurpentur
1036 2034 1072 2065 et
1096 2031 1142 2065 de
1166 2030 1311 2066 Baccho
1336 2031 1507 2076 (Orphica
1530 2031 1572 2066 fr.
1592 2033 1672 2075 191)

179 2088 216 2120 et
241 2085 286 2120 de
311 2085 452 2120 mortali
476 2086 569 2120 inter
593 2086 682 2121 deos
707 2090 866 2131 recepto,
900 2088 961 2131 qui
985 2088 1180 2132 opponitur
1203 2088 1355 2132 pristino
1381 2088 1450 2124 deo
1475 2100 1545 2123 non
1570 2088 1673 2123 aliter

179 2152 221 2176 ae
248 2138 335 2182 νέος
352 2136 485 2183 “maog
509 2142 578 2177 alii.
619 2143 697 2178 Hac
720 2143 858 2179 ratione
882 2144 1173 2188 interpretandae
1191 2149 1276 2179 sunt
1291 2145 1672 2190 inscriptiones‚‚quas

179 2198 282 2234 attuli
311 2208 362 2233 nr.
383 2202 423 2233 33
457 2215 497 2227 =
529 2199 581 2234 IG
611 2199 683 2234 XII
708 2202 738 2244 2,
756 2202 821 2234 212
846 2216 889 2228 z
914 2200 1003 2235 IGR
1027 2200 1078 2236 IV
1097 2205 1138 2236 74
1163 2217 1207 2230 =
1231 2201 1370 2236 Dessau
1396 2206 1482 2236 5788
1509 2198 1530 2235 ω’
1555 2205 1673 2244 δᾶμος

182 2253 341 2300 Νέρωνα
373 2251 529 2290 Ἰούλιον
565 2256 735 2299 Καίσαρα
768 2258 883 2290 παῖδα
918 2253 998 2292 θέω
1034 2256 1107 2292 νέω
1133 2258 1358 2302 Γερμανίκω
1388 2258 1577 2303 Καίσαρος
1610 2259 1671 2292 καὶ

180 2307 275 2352 θέας
308 2309 480 2353 Λίόλιιῖος
512 2309 763 2356 Καρποφόρω
800 2306 1079 2357 Ἀγριππείνας.
1117 2325 1167 2348 nr.
1186 2318 1227 2349 34
1259 2330 1300 2343 =
1327 2314 1377 2350 IG
1402 2315 1471 2348 XII
1491 2318 1520 2358 2,
1539 2317 1603 2349 213
1628 2331 1671 2342 =

179 2368 268 2403 lGR
292 2369 343 2403 IV
363 2372 403 2403 75
438 2364 458 2403 ὀ
484 2371 601 2412 δᾶμος
632 2370 806 2414 Δροῦσον
840 2367 1014 2414 Καίσαρα
1047 2370 1193 2416 nustria]
1229 2368 1310 2406 θέω
1344 2369 1412 2405 νέω
1446 2370 1671 2414 Ιέρμανίκο)

180 2425 412 2471 [Καί]σαρος
441 2424 504 2460 καὶ
530 2422 624 2466 θέας
648 2421 853 2472 Αἰό[λιδος]
881 2424 1126 2472 Καρποφόρω
1155 2423 1447 2473 Ἀγριππῇίνας]
1474 2431 1510 2462 et
1534 2427 1670 2471 titulus,

180 2493 287 2526 quem
318 2483 454 2526 publici
486 2483 570 2517 iuris
602 2482 692 2517 fecit
722 2483 766 2517 R.
785 2483 944 2528 Herzog,
978 2484 1139 2519 Koische
1164 2485 1423 2529 Forschungen
1448 2484 1520 2519 und
1544 2485 1672 2518 Funde

180 2539 339 2583 (Lipsiae
371 2540 473 2584 1899)
504 2551 539 2584 p.
567 2542 629 2574 229
662 2550 712 2573 nr.
737 2541 802 2574 222
835 2534 854 2574 ὃ
888 2541 1008 2583 δᾶμος
1041 2536 1062 2575 ὁ
1093 2536 1360 2586 Ϊ-’Ῑλασαρνιτᾶν
1392 2538 1496 2588 Γαΐῳ
1526 2536 1670 2587 Ἰουλίῳ

181 2597 276 2630 θεοῦ
297 2597 501 2641 Σεβαστοῦ
524 2593 591 2642 υἱῷ
613 2596 771 2640 Καίσαρι
796 2592 871 2643 νέῳ
890 2598 973 2643 θεῷ
992 2593 1058 2631 τόν
1075 2593 1220 2642 βωμόν.
1261 2598 1356 2639 Quas
1373 2598 1462 2632 duas
1480 2598 1670 2632 verborum

181 2648 266 2692 νέος
291 2649 385 2693 θεός
409 2654 575 2687 notiones
600 2652 693 2687 inter
716 2663 754 2687 se
780 2653 1005 2688 commiscuit
1029 2653 1073 2688 K.
1091 2653 1245 2698 Tiimpel
1271 2654 1400 2698 (P.-W.
1427 2654 1441 2688 I
1462 2656 1563 2696 10:3⁴5)
1589 2664 1670 2688 eon-

181 2708 336 2743 tendens
365 2709 401 2743 in
432 2709 547 2744 titulis
579 2709 688 2743 modo
715 2709 868 2743 laudatis
892 2719 943 2743 nr.
962 2712 1002 2743 33
1017 2719 1070 2754 sq.
1097 2710 1347 2745 Germanicum
1373 2720 1454 2745 esse
1479 2713 1669 2754 aequatum

182 2765 328 2810 Zagreo.

295 2821 336 2856 In
368 2822 480 2857 altero
512 2822 618 2857 titulo
644 2822 801 2857 Perinthi
833 2826 976 2866 reperto
1001 2822 1168 2858 Sabinam
1193 2824 1410 2868 appellatam
1436 2834 1515 2858 esse
1540 2833 1669 2858 novam

182 2877 348 2913 Cererem
373 2878 526 2913 coniecit
549 2880 590 2913 E.
608 2878 764 2913 Kalinka
788 2878 966 2923 (Jahresh.
992 2882 1059 2914 ost.
1085 2880 1171 2915 Inst.
1198 2880 1214 2914 I
1240 2880 1354 2915 Beibl.
1376 2881 1450 2924 10):
1476 2880 1556 2914 CIG
1583 2882 1666 2914 2021
