1992 3261
1589 236 1669 274 315

238 359 310 390 nr.
333 348 385 390 91
419 368 472 381 -—-
504 349 594 388 IGR
626 350 807 388 1113452

384 438 470 493 νέῳ
499 436 627 494 Ἡλίῳ
653 439 830 493 Νέρωνι
865 438 1043 493 Τιβερίῳ
1066 438 1278 493 Κλαυδίῳ
1300 439 1486 493 Καίσαρι
1507 441 1672 494 Γερμα-

384 509 495 563 νικῷ
517 510 597 560 [Tc.
617 510 716 559 Rp..
764 509 943 561 Δαρεῖος
965 507 1037 548 καὶ
1060 510 1103 549 οἱ
1124 506 1213 549 υἱοὶ
1236 502 1378 550 αὐτοῦ
1398 506 1670 564 [ἄ]νέθηκαν.

182 600 275 639 Cum
307 601 397 640 Sole
430 604 673 651 comparatur
704 602 810 639 Nero
846 601 885 638 in
926 601 1202 650 epigrammate
1239 600 1355 639 Anth.
1387 602 1472 639 Pal.
1503 601 1557 639 IX
1582 602 1672 639 178.

182 668 238 707 Of.
268 681 303 718 p.
327 669 420 707 278.

295 736 441 786 Ephesi
472 737 679 776 Caracalla
716 740 754 775 et
790 736 889 776 Geta
927 737 1191 786 compluribus
1230 738 1269 775 in
1309 738 1471 776 nummis
1511 737 1674 776 audiunt

182 802 274 845 νέοι
296 796 457 845 (Ηλιοιῑ

240 905 313 936 ΠΥ.
335 894 391 936 92
422 914 476 927 =
507 896 587 936 Cat.
614 897 708 934 Brit.
727 897 823 934 Mus.
844 897 959 934 Jonia
987 909 1024 946 p.
1046 897 1099 935 89
1130 909 1186 935 nr.
1209 898 1289 935 292
1321 915 1374 928 =
1405 896 1544 936 Head2
1576 897 1673 934 577:

386 978 497 1027 Av't.
521 987 571 1026 K.
595 988 651 1027 M.
674 979 786 1039 Αὖρ.
812 979 1093 1035 Άντωνεῐνος
1123 986 1197 1027 καὶ
1220 988 1297 1028 Ao.
1322 989 1396 1028 Σε.
1420 985 1558 1035 Γέτας
1579 986 1674 1027 νέοι

378 1048 524 1094 ἽΙλιοι
555 1055 702 1104 (capita
732 1055 963 1094 caracallae
994 1058 1032 1094 et
1062 1055 1209 1104 Getae).

241 1155 316 1185 nr.
337 1142 392 1185 93
423 1164 477 1176 =
509 1146 682 1184 Mionnet
712 1147 838 1195 suppl.
860 1146 914 1184 VI
943 1159 980 1196 p.
1006 1146 1085 1184 164
1115 1159 1171 1184 nr.
1195 1147 1293 1184 561:

389 1234 479 1276 νέοι
503 1228 647 1276 ‘'Hmoc
677 1238 769 1275 novi
799 1237 908 1275 Soles
939 1237 1083 1287 (capita
1113 1237 1342 1277 Caracallae
1373 1241 1411 1276 et
1442 1237 1592 1288 Getae).

243 1337 316 1368 nr.
338 1324 394 1367 94
423 1346 477 1359 =
507 1327 680 1366 Mionnet
710 1329 836 1377 suppl.
857 1328 911 1366 VI
941 1341 976 1378 p.
1003 1328 1083 1366 164
1112 1341 1168 1367 nr.
1191 1329 1293 1367 563:

389 1413 572 1470 δόγματι
604 1414 854 1473 συγκλήτου
885 1410 1103 1469 Ἐφεσίων.
1156 1411 1303 1460 (Ἠλιοι
1334 1418 1440 1460 νέοι.

184 1509 229 1546 In
273 1520 426 1546 nummo
472 1511 679 1547 cernuntur
719 1512 899 1558 quattuor
938 1511 1085 1559 templa
1130 1511 1319 1560 (Septimii
1359 1512 1507 1559 Severi,
1552 1512 1675 1550 Iuliae

186 1577 370 1624 Domum,
401 1576 640 1624 Garamum,
671 1577 793 1616 Getae
805 1578 850 1627 ‘?).

297 1645 496 1693 Augustus
532 1644 632 1682 Solis
670 1646 798 1683 locum
837 1648 970 1685 tenere
1006 1646 1158 1685 videtur
1192 1647 1233 1684 in
1268 1647 1496 1697 anaglypho
1532 1647 1678 1697 Ephesi

185 1715 350 1761 reperto.
396 1713 440 1750 R.
457 1712 677 1761 Heberdey,
698 1713 877 1752 Jahresh.
899 1717 967 1752 ost.
989 1715 1172 1753 1nst.V11
1192 1715 1299 1752 1904
1320 1716 1445 1754 Beibl.
1467 1728 1502 1764 p.
1521 1716 1572 1754 55
1585 1717 1676 1765 sq.1)

303 1848 369 1887 Ad
408 1849 577 1898 speeiem
608 1850 741 1887 Martis
780 1849 890 1888 fietus
927 1853 985 1889 est
1017 1851 1214 1900 Augustus
1245 1852 1284 1889 in
1316 1851 1542 1901 anaglypho
1573 1852 1677 1891 basis

189 1928 236 1954 ex
276 1917 443 1954 ecclesia
484 1917 615 1955 Sancti
655 1918 796 1956 Vitalis
837 1919 1116 1957 Ravennatium
1155 1920 1422 1969 proveniente,
1467 1920 1571 1969 quod
1612 1920 1676 1959 de-

188 1985 353 2022 lineavit
395 1985 442 2022 A.
469 1984 612 2032 Conze,
652 1986 725 2023 Die
765 1987 929 2025 Familie
970 1987 1038 2026 des
1077 1989 1292 2037 Augustus,
1332 1989 1443 2027 Halis
1482 1988 1677 2027 Saxonum

193 2053 296 2090 1867
329 2052 406 2090 tab.
426 2053 496 2101 I.2)
554 2053 639 2091 Hac
679 2054 719 2091 in
759 2055 990 2103 aequatione
1026 2057 1188 2094 Martem
1227 2056 1448 2095 habendum
1488 2068 1571 2095 esse
1607 2069 1676 2106 pro

189 2123 344 2158 auctore
376 2121 512 2169 populi
532 2121 696 2159 Romani
725 2122 816 2160 inde
846 2126 1018 2173 apparet,
1049 2124 1152 2173 quod
1181 2125 1289 2163 iuxta
1310 2127 1527 2174 Augustum
1553 2126 1678 2174 posita

188 2190 246 2226 est
284 2188 395 2225 Livia
439 2189 479 2225 in
519 2188 651 2227 habitu
693 2190 870 2239 Veneris,
915 2203 1015 2240 quae
1060 2195 1119 2230 est
1158 2193 1334 2241 genetrix
1375 2193 1500 2242 gentis
1541 2193 1676 2231 Iuliae.

188 2254 244 2294 Cf.
275 2256 366 2293 Hor.
397 2267 429 2293 c.
451 2255 469 2292 I
500 2256 536 2302 2,
559 2256 610 2293 33
628 2268 712 2306 sqq.
743 2261 782 2295 et
810 2269 929 2308 supra
958 2271 995 2308 p.
1018 2259 1109 2297 268.

301 2322 363 2361 Ad
404 2323 501 2362 belli
541 2324 653 2362 deum
695 2328 873 2374 spectant
912 2326 1172 2366 Athenienses
1219 2328 1495 2367 C.Caesa1·em
1535 2341 1676 2367 novum

188 2392 350 2430 Martem
381 2393 647 2441 appellantes:

304 2537 330 2580 l)
355 2536 575 2572 Antoninum
615 2537 717 2572 Pium
757 2538 804 2573 ad
844 2540 1003 2584 speeiem
1043 2541 1138 2577 Solis
1177 2541 1300 2577 fictum
1340 2552 1419 2577 esse
1459 2543 1494 2577 in
1533 2554 1676 2578 nummo

190 2592 366 2628 Trallensi
404 2593 578 2638 inscripto
608 2589 740 2635 ‘'H).1oc
784 2592 986 2641 Σεβαστός
1024 2598 1212 2633 contendit
1250 2599 1567 2645 Mionnetfsuppl.
1607 2600 1678 2635 VII

189 2659 223 2693 p.
248 2652 314 2684 472
350 2660 400 2684 nr.
427 2653 508 2694 7203
550 2651 651 2686 ouius
691 2651 741 2686 rei
780 2653 996 2689 mentionem
1032 2653 1169 2690 faciunt
1203 2666 1322 2701 neque
1358 2656 1678 2691 Imhoof-Blumer

189 2705 264 2748 (Kl.
294 2706 339 2740 M.
371 2705 387 2740 1
417 2718 452 2751 p.
479 2710 540 2742 187
572 2718 621 2742 nr.
646 2709 682 2751 2)
722 2718 839 2753 neque
880 2710 984 2745 Head
1019 2712 1153 2756 (²661).
1213 2711 1486 2757 Intellegendus
1524 2716 1580 2748 est
1615 2713 1679 2749 Sol

190 2765 373 2806 augustus.

303 2819 331 2863 ¹)
355 2818 408 2854 cf.
448 2819 490 2855 G.
516 2820 713 2865 Wissowa,
760 2821 1004 2858 Gesammelte
1043 2822 1336 2869 Abhandlungen
1375 2835 1437 2860 zur
1475 2825 1678 2861 romischen

191 2873 394 2920 Religions-
420 2876 493 2911 und
517 2876 846 2922 Stadtgesehichte.
895 2879 1073 2915 Miinehen
1101 2884 1186 2915 1904
1210 2892 1245 2925 p.
1264 2885 1317 2924 40,
1334 2881 1372 2916 C.

1407 2950 1471 2984 21*
