1992 3261
1580 233 1658 270 311

282 349 562 397 Imperatorum
588 348 822 397 temporibus
849 349 971 396 prima
998 350 1188 395 aequatur
1211 348 1350 384 Veneri
1371 347 1471 384 Iulia
1493 347 1660 396 Augusti

171 415 251 453 filia
279 417 318 453 in
344 417 506 454 nummis
533 416 784 466 Pergamenis
812 416 888 452 iam
916 427 1031 464 supra
1058 414 1225 452 laudatis
1256 427 1312 452 nr.
1336 415 1387 452 42
1402 427 1456 463 sq.
1497 414 1664 453 Accedit

171 485 305 522 titulus
336 484 516 522 Lesbius:

231 584 302 614 lll'.
324 571 376 614 77
408 593 462 605 =
494 574 548 613 IG
579 575 654 612 XII
675 575 710 619 2,
732 574 813 612 482
844 591 899 605 =
931 573 1022 612 IGR
1051 574 1105 612 IV
1129 573 1231 611 114:

377 661 580 714 Ἰ]ο[υλιά
611 662 690 704 νέα
717 655 969 716 Άφ]ροδίτα
998 661 1054 702 τᾶ
1085 660 1211 703 παῑδι
1241 662 1307 702 τεῦ
1329 658 1542 712 Σεβάστω
1570 661 1664 702 θέω

377 731 599 785 Καίσαρος
628 731 684 772 τᾶ
715 726 967 784 εύεργέτιδι.
980 732 1007 781 1)

174 877 321 923 originis
345 887 426 912 esse
448 880 568 912 narrat
591 877 651 920 (cf.
678 887 770 921 quae
794 876 983 911 adnotavit
1009 875 1046 911 C.
1063 875 1302 920 Nipperdey),
1328 878 1364 910 et
1387 886 1432 910 ex
1449 875 1664 920 aequatione

171 935 222 969 ita
244 934 359 979 facta,
391 937 431 969 ut
455 934 674 969 adiectivum
698 945 719 968 a
742 933 886 968 nomine
911 933 1113 967 derivatum
1139 932 1197 967 dei
1222 932 1356 967 nomini
1381 932 1545 976 addatur,
1573 941 1666 976 quae

172 991 272 1026 nullo
297 991 463 1036 exemplo
487 991 671 1036 probatur,
697 1001 777 1025 cum
802 1001 946 1034 semper
969 999 1099 1025 nomen
1123 989 1277 1024 hominis
1301 989 1400 1023 iuxta
1422 989 1481 1024 dei
1502 993 1665 1033 ponatur.

289 1061 315 1105 1)
339 1059 444 1094 Alius
475 1059 602 1094 titulus
626 1058 792 1103 Lesbius,
825 1058 859 1092 in
893 1069 964 1103 quo
995 1057 1122 1093 Iuliam
1146 1057 1320 1102 appellari
1346 1058 1524 1093 Venerem
1548 1057 1667 1091 adhuc

175 1127 298 1151 omnes
315 1120 532 1151 censuerunt
549 1116 610 1160 qui
628 1115 829 1159 ediderunt,
855 1115 1029 1150 maximos
1046 1115 1131 1149 mihi
1148 1115 1248 1149 inicit
1264 1114 1464 1158 scrupulos.
1505 1113 1666 1148 'situlum

175 1173 257 1208 dico
282 1172 333 1208 IG
357 1173 427 1207 XII
446 1176 475 1217 2,
494 1176 557 1207 537
585 1189 626 1202 =
651 1172 738 1208 IGR
762 1172 815 1207 IV
832 1175 851 1207 9
879 1188 919 1201 =
945 1171 1021 1207 CIL
1046 1171 1102 1206 III
1121 1174 1289 1216 7156sq.:

609 1262 629 1287 a
1226 1251 1249 1286 b

348 1320 474 1355 Iuliae
499 1320 666 1355 Caesaris
690 1320 718 1365 f.
970 1319 1098 1356 Veneri
1125 1319 1311 1355 Genea-ici

347 1371 483 1412 Ἰουλία
501 1377 693 1423 Καίσαρος
712 1374 887 1422 θύγατρι.
967 1371 1163 1422 Ἀφροδίτα
1187 1375 1404 1422 Γενετείρα.

175 1458 320 1494 Titulus
345 1459 500 1503 scriptus
525 1461 580 1494 est
604 1459 638 1493 in
664 1457 808 1493 duobus
832 1457 1012 1502 lapidibus
1038 1458 1199 1493 eiusdem
1224 1457 1461 1502 longitudinis
1485 1464 1522 1492 et
1545 1457 1669 1492 crassi-

174 1515 320 1551 tudinis.
374 1515 533 1550 Litterae
564 1518 686 1550 autem
718 1515 867 1549 Latinae
900 1515 1032 1559 lapidis
1065 1525 1085 1549 a
1119 1518 1216 1559 0‚058
1250 1514 1344 1549 altae
1376 1517 1475 1559 sunt,
1509 1514 1669 1549 Graecae

176 1576 275 1617 o,050
286 1586 294 1617 3
320 1572 460 1607 litterae
478 1572 625 1607 Latinae
650 1572 779 1616 lapidis
796 1571 819 1606 b
838 1575 936 1616 0‚0t30
955 1571 1048 1606 altae
1065 1575 1157 1615 sunt,
1184 1571 1344 1606 Graecae
1362 1573 1472 1613 0,⁴)42.
1513 1570 1670 1605 Accedit

176 1628 274 1673 quod
306 1628 395 1673 lapis
424 1639 444 1664 a
475 1629 580 1664 altior
613 1632 669 1663 est
701 1638 806 1673 quam
833 1627 867 1672 b,
902 1628 998 1663 unde
1023 1627 1315 1663 concludendum
1340 1627 1484 1662 videtur
1510 1637 1573 1662 eos
1596 1638 1670 1662 non

177 1685 387 1720 coniunctos
419 1686 454 1719 in
488 1685 618 1720 eodem
652 1685 777 1720 ordine
802 1685 960 1720 stetisse.
1007 1684 1044 1719 Si
1070 1684 1161 1729 lapis
1186 1694 1207 1719 a
1231 1694 1340 1728 supra
1364 1684 1387 1718 b
1412 1684 1555 1728 positus
1581 1687 1669 1728 erat,

176 1744 216 1777 ut
240 1742 356 1777 visum
382 1746 438 1777 est
461 1743 606 1786 Patoni,
639 1753 711 1777 non
734 1742 802 1776 iam
827 1742 1014 1786 habemus,
1047 1741 1147 1786 quod
1172 1741 1298 1775 Iuliam
1323 1741 1456 1776 Veneri
1479 1744 1669 1785 aequatam

178 1809 396 1834 censeamus.
444 1799 543 1841 Quae
574 1799 620 1834 ad
652 1802 861 1844 argumenta
886 1809 930 1833 ex
955 1798 1072 1833 forma
1095 1799 1228 1843 lapidis
1252 1799 1366 1842 petita
1390 1798 1532 1832 accedit
1555 1801 1669 1832 tenor.

178 1856 269 1898 Quin
301 1855 428 1890 titulus
458 1857 637 1900 pertineat
666 1857 713 1890 ad
744 1855 870 1890 Iuliam
895 1856 1053 1900 Augusti
1076 1855 1184 1889 filiam
1209 1865 1280 1889 non
1306 1858 1362 1890 est
1387 1854 1552 1899 dublum,
1590 1865 1670 1888 cum

178 1912 268 1947 Iulia
299 1913 449 1956 Domna,
484 1923 590 1957 quam
615 1912 793 1957 intellegit
818 1913 855 1947 O.
875 1912 1023 1956 Gruppe
1048 1912 1205 1955 (Griech.
1230 1912 1342 1956 Myth.
1368 1922 1402 1956 p.
1424 1914 1520 1955 1356,
1539 1912 1575 1956 6)
1600 1922 1670 1945 non

177 1969 225 2004 sit
248 1969 320 2004 filia
344 1969 518 2014 Caesaris,
543 1969 635 2004 Iulia
659 1973 778 2004 autem
802 1969 965 2005 Caesaris
990 1969 1177 2004 dictatoris
1201 1968 1274 2003 filia
1296 1972 1492 2012 propterea
1515 1970 1671 2012 nequeat

177 2026 349 2070 intellegi,
375 2026 475 2070 quod
499 2030 639 2061 mortua
656 2028 711 2061 est
727 2037 818 2061 anno
838 2030 879 2061 54
904 2026 1015 2070 (Plut.
1034 2025 1136 2061 Caes.
1155 2026 1225 2070 23),
1250 2025 1366 2060 cultus
1383 2028 1502 2059 autem
1521 2024 1671 2059 Veneris

178 2082 380 2118 Genetricis
405 2083 573 2117 conditus
598 2086 654 2117 est
677 2092 768 2117 anno
790 2085 832 2117 46
857 2082 972 2128 (Cass.
991 2083 1060 2118 Dio
1077 2082 1198 2117 XLIII
1215 2085 1268 2126 22,
1283 2083 1329 2125 2).
1371 2082 1459 2117 Cum
1477 2082 1672 2125 imperator

178 2140 337 2175 nondum
361 2139 485 2174 audiat
505 2135 713 2184 Σεβαστός,
738 2139 880 2173 titulum
905 2140 1065 2183 positum
1090 2149 1170 2174 esse
1196 2141 1341 2183 oportet
1365 2142 1447 2173 ante
1469 2133 1670 2181 annum'27,

179 2208 250 2242 quo
276 2197 366 2231 Iulia
390 2197 644 2231 duodecimum
671 2207 799 2231 anuum
824 2197 982 2231 nondum
1009 2206 1155 2241 egressa
1180 2200 1270 2240 erat,
1295 2206 1413 2239 neque
1440 2194 1544 2228 facilc
1570 2193 1671 2228 intel-

179 2254 321 2298 legitur,
347 2264 410 2288 cur
427 2253 557 2297 Lesbii,
581 2263 799 2296 quamquam
816 2253 958 2297 saepius
976 2253 1213 2297 imperatores
1232 2262 1429 2296 eorumque
1447 2251 1671 2295 propinquos

180 2310 330 2345 deorum
354 2309 556 2344 nominibus
580 2309 828 2353 appellabant,
853 2309 1024 2344 tantulam
1049 2309 1205 2353 puellam
1229 2309 1291 2343 tali
1315 2308 1452 2342 honore
1476 2307 1672 2342 affecerint.

181 2368 279 2409 Quae
303 2377 360 2402 res
384 2367 500 2401 minus
526 2367 735 2401 offensionis
757 2366 914 2409 haberet,
940 2366 1007 2401 nisi
1024 2366 1190 2411 aequatio
1208 2365 1505 2409 interpretatione
1523 2367 1670 2406 careret,

180 2434 261 2458 cum
298 2423 481 2458 dissimilis
513 2424 559 2458 sit
590 2423 746 2457 omnium
779 2433 867 2467 quas
900 2423 1065 2457 novimus
1098 2422 1363 2466 aequationum.
1420 2421 1509 2455 Nam
1541 2430 1671 2454 nomen

180 2480 333 2515 Veneris
358 2479 560 2515 Genetricis
583 2480 676 2514 inter
701 2479 918 2523 cognomina
941 2479 1088 2523 publiea
1111 2490 1182 2513 non
1208 2489 1288 2513 esse
1312 2482 1498 2521 receptum
1524 2479 1673 2520 apparet

182 2547 227 2571 ex
250 2536 356 2571 titulo
382 2547 490 2580 supra
514 2536 621 2571 allato
646 2536 712 2578 (nr.
731 2536 799 2579 77),
832 2535 893 2579 qui
917 2546 1130 2580 quamquam
1154 2539 1284 2579 postea
1309 2538 1364 2569 est
1388 2534 1560 2577 scriptus,
1591 2543 1671 2566 cuni

181 2594 376 2637 imperator
407 2593 530 2627 audiat
563 2586 780 2637 Σεβαστός,
813 2595 929 2626 tamen
961 2592 1087 2626 Iuliam
1121 2591 1200 2626 solo
1234 2591 1376 2625 nomine
1402 2590 1568 2632 Veneris,
1602 2599 1672 2622 non

182 2649 334 2684 Veneris
367 2649 568 2685 Genetricis
599 2648 767 2693 appellat.
821 2648 993 2683 Omnibus
1026 2652 1145 2683 autem
1178 2648 1284 2691 locis,
1318 2646 1447 2690 quibus
1480 2646 1673 2688 imperator

181 2705 276 2740 hunc
300 2706 346 2740 ad
371 2706 517 2740 modum
544 2706 613 2740 deo
638 2709 822 2749 aequatur,
849 2715 1052 2749 cognomen
1078 2705 1110 2738 ei
1135 2705 1270 2738 inditur
1294 2714 1365 2737 non
1390 2701 1502 2736 semel
1529 2704 1590 2735 aut
1607 2700 1672 2744 bis,

182 2762 249 2796 sed
274 2762 439 2797 omnibus
465 2762 525 2806 qui
549 2773 628 2796 eum
654 2761 838 2805 appellant
861 2761 896 2795 iu
921 2760 1046 2805 titulis,
1072 2761 1132 2805 qui
1157 2761 1302 2804 quidem
1326 2763 1480 2793 aetatem
1504 2757 1672 2791 tulerunt.

184 2818 302 2853 Nihilo
332 2819 446 2862 magis
473 2819 599 2854 titulus
623 2817 811 2853 habendus
837 2821 893 2852 est
916 2817 1009 2852 inter
1034 2828 1111 2861 eos,
1145 2817 1180 2850 in
1206 2816 1335 2860 quibus
1362 2814 1556 2849 tractandis
1580 2823 1673 2847 nunc

183 2885 377 2919 versamur,
409 2885 490 2909 cum
515 2874 683 2919 epiclesis
708 2871 908 2918 Ιένέιειρα
934 2885 1002 2908 nou
1029 2877 1126 2909 esset
1150 2873 1287 2915 addita,
1320 2872 1350 2906 si
1377 2871 1466 2905 Iulia
1490 2882 1553 2914 pro
1579 2880 1674 2904 nova
