1992 3261
1582 247 1662 285 279

229 365 321 404 ibid.
348 364 385 403 H
407 365 476 403 38:

378 460 500 502 casta,
529 457 631 505 fave,
660 455 837 495 Lucina:
869 458 957 494 tuus
986 456 1068 493 iam
1096 457 1238 503 reynat
1265 452 1423 502 Apollo.

230 560 340 610 Calp.
367 561 439 599 eol.
466 560 521 598 IV
541 559 619 598 158
636 571 708 610 sq.:

377 663 449 710 fer,
478 662 678 708 Meliboee,
710 662 779 700 deo
808 673 896 699 mea
926 662 1124 699 earmina:
1153 672 1248 698 nam
1280 661 1349 698 tibi
1377 661 1444 708 fas
1475 663 1532 699 est

379 742 495 769 saera
523 731 707 769 Palatini
726 729 953 778 penetralia
981 731 1104 768 vise-re
1133 729 1289 767 Phoebi.

233 832 323 871 ibid.
344 833 417 871 VII
439 834 492 871 83
509 845 581 882 sq.:
1134 890 1141 896 .

1125 901 1167 926 m
1196 900 1274 927 uno

383 961 419 996 et
448 959 597 997 Martis
627 959 755 997 voltus
787 961 823 996 et
851 957 1052 1006 Apollmis
1083 969 1164 996 esse
1185 959 1390 1006 probatur.

180 1060 264 1107 Qua
295 1061 333 1098 in
365 1061 596 1109 aequatione
623 1073 700 1099 non
728 1060 840 1099 modo
867 1060 1157 1109 intellegendus
1184 1063 1243 1098 est
1269 1060 1364 1098 deus
1391 1072 1504 1108 quem
1532 1060 1672 1099 Graeci

179 1132 319 1168 vocant
351 1127 656 1182 Μουσαγέτην,
692 1129 760 1167 sed
796 1132 934 1178 poetae
971 1141 1049 1166 non
1084 1130 1326 1167 immemores
1358 1129 1437 1166 eius
1470 1129 1672 1178 opinionis,

180 1209 256 1246 qua
295 1198 388 1235 solis
428 1197 522 1235 deus
558 1198 709 1246 Apollo
744 1197 962 1246 putabatur,
976 1198 1004 1245 1)
1044 1200 1250 1246 propterea
1289 1208 1443 1246 quoque
1479 1197 1519 1234 ni
1554 1196 1673 1235 fallor

182 1277 266 1303 cum
312 1278 356 1304 eo
403 1266 680 1314 comparabant
724 1265 1011 1315 imperatorem,
1057 1265 1159 1314 quod
1205 1277 1346 1302 novam
1390 1266 1521 1303 lucem
1561 1266 1674 1303 terris

180 1333 282 1372 ferre
322 1333 537 1371 videbatur.
606 1333 728 1379 Quam
768 1333 1127 1382 interpretationem
1169 1333 1438 1371 commendant
1479 1336 1516 1371 et
1552 1333 1676 1372 Cassii

182 1402 316 1440 Dionis
341 1402 452 1440 loeus
479 1402 592 1440 modo
619 1402 810 1449 laudatus,
838 1402 902 1449 qui
929 1401 978 1439 ad
1003 1401 1104 1439 Solis
1130 1401 1297 1450 speeiem
1324 1402 1519 1439 Neronem
1545 1400 1674 1439 fictum

183 1482 267 1508 esse
308 1473 455 1517 narrat,
496 1474 533 1508 et
568 1471 670 1507 tituli
702 1470 857 1517 Graeci,
899 1481 994 1518 quos
1030 1469 1132 1507 infra
1162 1472 1329 1508 tractare
1361 1469 1453 1507 mihi
1483 1470 1676 1519 proposui,

185 1538 288 1578 νέον
308 1531 459 1579 (Ηλιον
489 1550 576 1576 eum
607 1539 866 1588 appellantes.

298 1640 391 1679 Cum
436 1641 582 1679 Beleno
628 1641 709 1678 sive
754 1640 943 1690 Apolline
989 1642 1233 1689 comparatur
1274 1639 1468 1678 Antinous
1512 1640 1553 1676 in
1598 1639 1678 1688 epi—

185 1712 397 1758 grammate
428 1709 648 1747 Tiburtino:

244 1811 327 1850 CIL
357 1811 448 1848 XIV
469 1811 578 1849 3535
610 1828 665 1843 z
695 1810 924 1857 Buecheler,
955 1810 1079 1849 Oarm.
1102 1811 1222 1859 epigr.
1244 1811 1343 1847 879:

391 1913 567 1952 Antinoo
599 1917 636 1952 et
663 1913 811 1952 Beleno
834 1926 918 1962 par
946 1917 1057 1952 aetas
1087 1914 1293 1961 formaque
1323 1914 1358 1951 si
1378 1924 1469 1960 par,

463 1994 530 2020 em·
557 1993 638 2019 now
667 1980 867 2020 Antinous
898 1983 950 2020 sit
980 1993 1130 2029 quoque
1161 1983 1228 2029 qm·
1255 1981 1459 2019 Belewus?

303 2085 497 2122 Antinous
523 2085 702 2122 Mercurii
728 2096 879 2134 quoque
906 2085 1061 2122 nomine
1088 2084 1313 2133 appellatur
1339 2085 1378 2120 in
1405 2084 1680 2132 epigrammate

191 2153 335 2190 Romae
365 2155 535 2201 reperto:

249 2253 302 2292 IG
334 2253 425 2291 XIV
456 2253 544 2291 add.
567 2254 683 2291 978a
713 2270 768 2286 z
797 2253 887 2292 IGR
917 2254 935 2291 I
958 2253 1026 2291 55:

388 2351 588 2408 Ἀδριανὴ
620 2351 808 2403 σύνοδός
838 2365 883 2395 σε
913 2353 1019 2395 νέον
1050 2350 1162 2395 θεὸν
1191 2350 1417 2407 Ἑρμάωνα

465 2419 682 2477 στήσαμεν
713 2419 918 2475 ἁζόμενοι
948 2418 1030 2462 τὸν
1060 2418 1201 2463 καλὸν
1232 2421 1469 2463 Ἀντίνοον.

309 2527 404 2566 Cum
421 2527 572 2565 Venere
599 2529 636 2564 et
662 2526 771 2564 Luna
798 2529 1042 2575 comparatur
1064 2526 1164 2563 Iulia
1186 2526 1340 2564 Domna
1366 2538 1388 2563 a
1413 2526 1473 2563 Ps.
1491 2523 1682 2574 oppiano:

255 2629 401 2679 Oyneg.
427 2629 446 2666 I
468 2631 509 2667 7:

396 2729 592 2784 Ἀσσυρίη
620 2728 841 2783 Κυθέρεια
872 2729 945 2770 καὶ
977 2724 1030 2770 οὗ
1061 2729 1275 2771 λείπουσι(
1296 2724 1480 2784 Σελήνη.

315 2899 342 2943 ¹)
367 2898 574 2942 Wernicke‚
602 2898 721 2934 P.-W.
748 2897 783 2932 ΙΙ
811 2909 845 2942 p.
867 2901 905 2932 19
919 2908 996 2943 sqq.
1022 2908 1072 2932 nr.
1092 2901 1144 2932 23.
