1992 3261
290 265 371 303 298

402 379 575 427 Utraque
612 379 832 428 Agrippina
867 379 983 416 Lesbi
1019 379 1126 416 audit
1158 375 1312 427 Αἰολὶς
1343 374 1656 431 Καρποφόρος.
1717 379 1782 418 Ad

290 447 471 484 maiorem
502 447 696 496 pertinent
726 447 801 485 duo
832 447 935 484 tituli
966 449 1004 484 et
1035 458 1221 484 nummus.

348 559 418 589 nl’.
442 546 496 589 33
528 568 580 580 =
610 549 665 588 IG
687 549 761 587 XII
783 550 818 598 2,
841 549 921 586 212
953 568 1007 580 =
1038 549 1128 588 IGR
1148 549 1202 587 IV
1225 549 1277 587 74
1308 568 1362 581 =
1393 550 1544 588 Dessau
1577 550 1707 588 8788:

496 643 520 691 ὀ
552 650 689 704 δᾶμος
721 650 908 704 Νέρωνα
946 647 1138 692 Ἰούλιον
1169 650 1371 704 Καίσαρα
1401 650 1539 692 παῖδα
1570 650 1665 692 θέω
1696 650 1784 692 νέω

495 719 758 773 Γερμανίκω
780 718 1002 772 Καίσαρος
1029 718 1102 760 καὶ
1130 719 1238 768 θέας
1264 717 1471 768 Αἰόλιδος
1496 717 1785 774 Καρποφόρω

489 780 808 841 Ἀγριππείνας.

348 902 418 932 nr.
442 889 497 932 34
527 911 580 923 =
610 891 665 930 IG
686 892 761 930 XII
784 893 818 938 2,
843 892 922 929 213
955 909 1008 924 =
1039 892 1127 931 IGR
1147 892 1202 929 IV
1225 892 1299 930 75?

495 990 520 1033 ὀ
567 992 703 1045 δᾶμος
742 993 946 1046 Δροῦσον
988 992 1185 1046 Καίσαρα
1231 992 1370 1033 παῖδα
1414 991 1509 1033 θέω
1553 992 1641 1033 νέω
1681 995 1786 1046 Γερ-

494 1060 667 1114 μανίκω
714 1060 935 1114 Καίσαρος
979 1060 1052 1101 καὶ
1096 1060 1204 1109 θέας
1248 1057 1456 1109 Αἰόλιδος
1498 1058 1785 1115 Καρποφόρω

491 1127 811 1183 Ἀγριππεὶνας.

349 1245 421 1274 nr.
444 1231 497 1274 35
529 1253 582 1265 =
615 1234 695 1273 Cat.
726 1234 819 1271 Brit.
850 1234 947 1271 Mus.
976 1233 1124 1271 Lesbos
1154 1245 1191 1282 p.
1214 1233 1295 1271 204
1325 1245 1381 1271 nr.
1405 1233 1505 1271 193:

496 1325 565 1363 A.:
597 1322 710 1364 θέον
741 1318 1025 1376 Γερμάυιπου
1053 1325 1185 1364 Μυτι.
1237 1325 1370 1373 (eaput
1399 1323 1648 1372 Germanici.)

496 1394 555 1432 R.:
587 1391 701 1432 θέαν
723 1389 882 1432 Αἲολιν
905 1383 976 1442 Ἀ[.
1003 1424 1011 1432 .
1036 1391 1167 1442 .]ίναυ
1188 1393 1321 1432 Mum.
1364 1393 1496 1441 (caput
1515 1391 1788 1442 Agrippinae.)

291 1496 357 1535 Ad
389 1497 574 1534 minorem
606 1495 866 1544 Agrippinam
897 1494 1125 1533 referendae
1156 1498 1244 1533 sunt
1274 1495 1544 1544 inscriptiones
1574 1493 1668 1533 hae:

353 1609 424 1638 ΗΓ.
447 1596 502 1638 3ss
532 1617 585 1629 =
616 1598 671 1636 IG
693 1598 766 1635 XII
788 1599 824 1644 2,
847 1598 923 1634 211
958 1616 1012 1628 =
1042 1597 1133 1636 IGR
1153 1598 1205 1634 IV
1227 1596 1297 1636 81:

497 1684 579 1728 τὰν
635 1684 824 1741 γύναικο(
880 1687 944 1727 τῶ
996 1683 1210 1736 >leffe-2610)
1262 1685 1368 1726 νέω)
1416 1685 1529 1726 θέαν
1579 1683 1789 1727 Romaion)

497 1752 729 1806 Σεβάστου
766 1754 1092 1808 γυμνασίαρχον
1125 1754 1177 1795 δι’
1212 1752 1374 1803 (εἴωνος
1404 1753 1596 1795 Ἰουλίαν
1621 1748 1789 1807 Ἀγριπ-

499 1824 671 1864 πεῖναν.

353 1939 424 1968 lll'.
448 1925 499 1967 37
533 1946 586 1958 =
618 1927 671 1966 IG
694 1927 767 1965 XII
791 1928 826 1974 2,
850 1927 929 1963 208
963 1943 1015 1958 =
1046 1926 1135 1964 IGR
1156 1927 1209 1964 IV
1232 1926 1305 1963 22:

499 2009 522 2057 ὀ
541 2017 676 2069 δᾶμος
697 2015 807 2057 θέαν
828 2012 1058 2066 medatem
1074 2013 1286 2056 Βολλάιιν
1304 2013 1464 2056 Αἴολιν
1482 2012 1790 2068 Καρπόφορον

493 2078 804 2139 Ἀγριππείναν
835 2081 916 2124 τὰν
947 2083 1278 2137 γυμνασίαρχοι)
1308 2082 1350 2132 ἐς
1382 2079 1464 2124 τὸν
1493 2081 1645 2123 αἲοονα.

296 2190 534 2238 Quamquam
579 2190 701 2227 maior
746 2190 960 2238 Agrippina
1004 2189 1042 2225 in
1087 2189 1219 2225 Thera
1263 2188 1393 2225 insula
1438 2187 1544 2225 audit
1588 2183 1790 2226 Βουλαία

295 2259 358 2306 (cf.
390 2271 446 2296 nr.
470 2259 554 2305 24),
591 2261 719 2295 tamen
751 2258 865 2294 Lesbi
903 2257 976 2294 hoc
1007 2268 1220 2305 cognomen
1252 2268 1330 2293 nou
1360 2255 1504 2293 inditur
1535 2255 1611 2292 nisi
1641 2255 1788 2292 minori.

296 2326 418 2371 Quam
459 2326 506 2363 ob
542 2338 622 2363 rem
659 2325 760 2363 hunc
795 2326 946 2362 titulum
984 2324 1032 2362 ad
1069 2325 1253 2362 minorem
1289 2323 1532 2361 referendum
1570 2335 1655 2360 esse
1685 2325 1789 2371 puto,

296 2394 398 2432 unde
425 2394 524 2432 hanc
552 2405 703 2441 quoque
726 2393 842 2430 Lesbi
870 2393 1023 2430 audisse
1047 2385 1354 2444 Καρποφόρον
1375 2391 1629 2439 cognoscitur.
1680 2389 1790 2428 Nihil

296 2463 412 2511 igitur
442 2462 612 2511 impedit,
644 2462 845 2509 quominus
877 2461 925 2498 ad
958 2473 1041 2498 eam
1073 2460 1283 2498 referamus
1314 2460 1428 2497 etiam
1461 2459 1611 2496 titulum

297 2629 355 2664 dei
397 2628 457 2672 (cf.
494 2628 603 2663 Thes.
637 2628 720 2672 ling.
758 2627 818 2661 lat.
856 2627 891 2660 II
927 2638 960 2671 p.
989 2628 1174 2671 139sssq.).
1238 2626 1459 2669 Quamquam
1499 2624 1631 2659 nullam
1670 2622 1789 2658 inveni

298 2686 565 2730 inscriptionem
604 2685 792 2727 Graecam,
832 2685 864 2718 in
903 2695 973 2728 qua
1007 2684 1203 2728 appellatio
1243 2679 1432 2728 σεβαστός
1466 2681 1514 2717 sit
1548 2681 1672 2715 addita
1706 2682 1791 2724 post

296 2743 393 2776 aliud
430 2742 488 2776 dei
525 2751 742 2786 cognomen,
779 2745 899 2774 tamen
932 2741 1058 2774 Latina
1094 2743 1238 2775 exstant
1274 2738 1451 2773 eiusmodi
1488 2737 1654 2781 exempla
1689 2736 1791 2771 velut

296 2799 374 2833 CIL
401 2799 489 2834 VIII
508 2801 572 2832 1519
605 2799 755 2841 (Mactar
783 2798 1009 2842 Byzacenae)
1042 2796 1207 2841 Apollini
1238 2795 1361 2840 patrio
1395 2806 1476 2839 any.
1510 2804 1606 2838 sacr-3
1641 2794 1686 2828 cf.
1712 2792 1790 2827 CIL

297 2856 329 2889 V
347 2860 444 2890 4014.
481 2856 668 2890 X112410.
706 2854 794 2889 VIII
814 2857 911 2888 (5353.
949 2854 1059 2895 Quam
1087 2855 1134 2888 ob
1160 2865 1232 2888 rein
1258 2853 1413 2887 fortasse
1439 2852 1509 2886 hoc
1533 2861 1681 2895 quoque
1706 2850 1789 2884 loco

298 2913 388 2947 deus
413 2912 617 2957 appellatur
642 2908 841 2956 σεβαστός.

1979 3041 1987 3172 ..’-ικ--
1982 3014 1985 3033 „n
