1992 3261
297 263 378 302 328

410 376 632 426 Cognomen
663 389 787 416 novae
818 377 930 415 Isidis
958 378 1057 415 nulli
1078 377 1313 427 imperatrici
1333 377 1488 425 inditur,
1499 378 1529 426 1)
1556 389 1789 427 quamquam

295 457 435 484 uxores
465 445 776 483 Ptolemaeorum
816 445 906 484 huic
946 445 1043 484 deae
1078 448 1267 494 aequatae
1297 448 1396 484 sunt.
1454 447 1623 484 Arsinoe
1652 446 1692 483 in
1721 457 1789 495 pa-

294 526 392 564 pyro
423 514 730 563 hieroglyphicis
760 515 900 552 litteris
927 515 1147 564 conscripta
1174 515 1240 563 (A.
1256 514 1523 563 Wiedemann,
1549 516 1645 553 Mus.
1666 514 1790 554 Rhen.

295 583 501 621 XXXVIII
536 583 642 621 1883
673 596 709 632 p.
734 582 912 632 391,10)
944 583 1051 621 audit
1081 583 1151 620 Isis
1182 583 1350 621 Arsinoe
1380 582 1674 632 Philadelphus.
1723 583 1789 621 Ad

293 652 461 700 speciem
508 651 616 689 Isidis
662 650 818 699 fingitur
865 651 1050 689 Berenice
1094 651 1310 688 Ptolemaei
1349 651 1565 700 Euergetae
1609 663 1706 689 uxor
1748 652 1789 688 in

294 731 460 768 gemma,
500 719 695 767 Babelon,
737 719 950 766 Catalogue
989 719 1067 757 tab.
1098 719 1209 756 XXII
1250 731 1305 756 nr.
1329 720 1422 756 229.
1481 719 1541 757 De
1578 719 1788 768 Cleopatra

293 787 411 825 tradit
452 788 553 826 Plut.
594 788 687 826 Ant.
724 787 798 824 54:
844 783 1110 839 Κλεοπάτρα
1144 819 1151 826 .
1183 819 1189 826 .
1222 818 1229 825 .
1271 782 1436 839 στολὴν
1477 780 1599 839 ἱερὰν
1632 779 1789 834 Ἴσιδος

294 851 510 907 ἐλάμβανε
532 854 606 894 καὶ
629 854 705 895 νέα
725 848 824 903 Ἶσις
845 850 1109 909 ἐχρημάτιζε.
1160 855 1215 894 Of.
1238 855 1343 894 Cass.
1361 856 1434 893 Dio
1456 856 1487 893 L
1510 855 1573 904 25,
1591 855 1614 892 3
1630 867 1686 904 sq.
1709 855 1744 902 5,
1763 856 1787 893 3

293 924 410 973 (unde
442 925 612 962 Zonaras
643 924 678 961 X
701 924 780 973 28).

407 993 457 1031 Ut
488 994 603 1033 etiam
633 993 734 1030 inter
764 992 857 1030 deos
879 992 1111 1040 Cleopatrae
1146 992 1315 1029 coniunx
1345 991 1552 1038 videretur,
1584 990 1727 1030 Osiridi
1747 1003 1788 1029 se

292 1061 474 1109 aequavit
522 1061 729 1098 Antonius.
804 1060 909 1098 Cass.
952 1060 1026 1097 Dio
1068 1060 1100 1097 L
1137 1060 1321 1108 25,3sq.
1361 1059 1425 1107 (cf.
1466 1071 1502 1108 p.
1531 1060 1640 1108 319).
1686 1059 1722 1106 5,
1750 1059 1787 1096 3.

293 1129 429 1167 Eidem
460 1129 532 1167 deo
562 1130 602 1166 in
623 1129 806 1177 Aegypto
837 1131 1023 1176 aequatus
1055 1130 1113 1166 est
1133 1128 1327 1166 Antinous
1357 1130 1454 1165 teste
1485 1127 1656 1165 obelisco
1686 1139 1789 1165 nunc

292 1199 437 1235 Romae
469 1200 662 1244 exstante,
700 1197 806 1235 cuius
836 1197 1108 1246 inscriptiones
1138 1196 1288 1245 publici
1317 1196 1410 1233 iuris
1441 1195 1532 1233 feeit
1561 1197 1611 1234 A.
1633 1195 1787 1242 Erman,

292 1266 400 1303 Rom.
424 1267 519 1304 Mitt.
541 1266 596 1303 XI
621 1266 727 1303 1896
759 1278 794 1314 p.
822 1266 898 1302 112
917 1277 999 1313 sqq.
1050 1264 1196 1310 Quibus
1226 1277 1274 1302 ex
1304 1264 1426 1301 titulis
1457 1264 1656 1312 colligitur
1676 1264 1789 1302 Anti-

292 1346 407 1372 noum
437 1334 677 1383 appellatum
710 1345 793 1371 esse
824 1333 1015 1371 Osimfdem
1035 1331 1254 1370 Απίὶηοῖωη
1282 1333 1436 1370 beatum
1463 1334 1501 1369 et
1521 1331 1788 1380 Antinoupoli,

291 1403 356 1441 ubi
391 1402 516 1451 phyla
553 1403 719 1440 occurrit
749 1396 1112 1453 Ὀσιραυτιιόἐιος
1144 1400 1308 1449 (Archiv
1336 1401 1374 1437 II
1396 1401 1459 1447 72,
1491 1399 1537 1437 cf.
1564 1400 1625 1437 W.
1646 1399 1790 1437 Weber

291 1472 317 1509 1.
339 1482 371 1508 c.
401 1483 438 1520 p.
461 1467 628 1522 2502)),
665 1470 845 1508 habuisse
875 1471 1073 1519 templum.
1133 1469 1199 1507 Ad
1230 1468 1392 1507 Osiridis
1432 1469 1599 1517 speciem
1639 1470 1788 1506 statuae

292 1539 374 1577 eius
405 1539 612 1588 finguntur,
644 1538 890 1577 Dietrichson
920 1539 946 1575 1.
969 1550 1001 1576 c.
1032 1550 1068 1587 p.
1095 1539 1171 1574 177
1186 1549 1269 1586 sqq.

404 1663 546 1703 Omnes
583 1675 678 1713 quas
709 1665 747 1701 in
777 1664 899 1713 primo
932 1664 1058 1712 capite
1091 1663 1313 1700 enumeravi
1345 1661 1595 1710 aequationes
1625 1661 1785 1710 publico

291 1733 455 1771 consilio
486 1732 612 1770 factae
644 1732 718 1770 sint
748 1743 908 1769 necesse
939 1734 1012 1777 est3
1044 1732 1082 1768 in
1114 1731 1167 1768 eis
1194 1734 1332 1777 autem,
1363 1741 1459 1778 quas
1479 1729 1593 1767 modo
1614 1730 1788 1776 tractavi,

291 1801 483 1839 communi
514 1801 676 1838 consilio
706 1812 785 1837 non
816 1802 899 1837 erat
929 1811 1036 1848 opus,
1068 1810 1300 1847 quamquam
1332 1798 1595 1847 compluribus
1624 1798 1722 1835 locis
1747 1801 1788 1834 ut

291 1870 500 1918 imperator
531 1869 604 1907 deo
635 1870 866 1916 aequaretur
892 1868 1037 1916 populo
1064 1868 1258 1916 placuisse
1280 1866 1524 1904 manifestum
1546 1868 1613 1903 est.
1663 1866 1787 1903 Nemo

291 1938 409 1984 enim,
450 1937 514 1985 qui
555 1948 622 1974 suo
662 1937 782 1985 ipsius
822 1936 979 1974 arbitrio
1010 1936 1261 1984 imperatores
1293 1937 1358 1972 aut
1389 1946 1520 1972 eorum
1549 1934 1788 1983 propinquos

290 2005 473 2054 aequavit
513 2005 610 2053 deis,
650 2005 689 2041 in
729 2003 863 2042 eadem
903 2004 1151 2053 inscriptione
1194 2004 1358 2040 alterum
1396 2002 1459 2040 dei
1488 2002 1643 2039 nomine
1674 2013 1785 2039 orna-

290 2074 422 2121 visset,
453 2075 616 2111 alterum
646 2085 723 2110 non
749 2073 813 2110 ita.
863 2071 986 2117 Quam
1009 2072 1056 2110 ob
1079 2084 1158 2109 rem
1181 2073 1221 2108 ut
1242 2071 1597 2120 interpretationem
1618 2069 1787 2107 habeant

290 2142 408 2188 tituli,
449 2141 515 2189 qui
555 2152 785 2188 quamquam
828 2140 1049 2188 complures
1089 2140 1315 2177 enumerant
1351 2138 1484 2176 domus
1514 2137 1785 2186 imperatoriae

289 2209 479 2256 homines,
518 2211 647 2246 tamen
678 2220 793 2245 unum
824 2210 973 2245 tantum
1005 2207 1066 2245 dei
1096 2208 1250 2245 nomine
1282 2207 1485 2256 appellant
1515 2207 1586 2254 (nr.
1609 2206 1673 2243 51.
1704 2204 1786 2253 82),

404 2353 430 2397 ¹)
455 2352 496 2387 In
528 2352 635 2387 titulo
669 2363 712 2387 ex
737 2351 875 2396 oppido
901 2351 1065 2387 Athribis
1089 2352 1204 2395 petito
1230 2361 1431 2395 cognomen
1455 2359 1528 2384 non
1551 2351 1686 2394 exstat,
1719 2348 1785 2384 sed

288 2410 333 2446 ab
365 2411 399 2446 J.
423 2408 467 2444 A.
485 2410 666 2444 Letronne
696 2409 905 2453 suppletum
937 2412 1008 2443 cst:
1042 2407 1123 2443 CIG
1149 2411 1234 2442 4711
1263 2423 1304 2436 =
1331 2406 1417 2442 IGR
1442 2406 1460 2440 I
1488 2409 1572 2441 1150
1691 2399 1784 2449 ὑπὲρ

284 2462 445 2508 Ἰουλίας
472 2465 693 2511 Σεβασ[τῆς
718 2462 802 2506 νέας
826 2461 963 2505 Ἴσιδος
990 2493 995 2499 .
1016 2492 1021 2499 .
1041 2464 1077 2510 ..]
1118 2463 1342 2508 Quamquam
1358 2463 1392 2498 J.
1407 2463 1519 2498 Franz
1536 2465 1572 2497 et
1589 2463 1632 2497 R.
1648 2462 1784 2506 Cagnat

290 2524 532 2559 coniecturam
557 2525 782 2567 receperunt,
808 2525 926 2556 tamen
952 2522 1027 2557 veri
1045 2521 1169 2556 similis
1187 2520 1272 2555 mihi
1288 2531 1360 2555 non
1377 2519 1531 2563 videtur,
1557 2529 1639 2554 cum
1654 2518 1785 2554 nullius

289 2580 525 2625 imperatricis
549 2579 716 2623 exemplo
741 2578 925 2623 probetur.

403 2640 431 2681 ²)
468 2636 608 2672 Eodem
648 2636 729 2670 loco
767 2634 902 2670 Weber
942 2646 985 2669 cx
1027 2634 1105 2669 aliis
1147 2644 1293 2679 quoque
1329 2633 1519 2678 phylarum
1556 2635 1592 2666 et
1626 2631 1783 2667 tribuum

288 2694 491 2729 nominibus
523 2693 726 2737 complures
758 2691 992 2736 imperatores
1023 2691 1102 2726 deis
1127 2695 1303 2735 aequatos
1329 2700 1410 2725 esse
1435 2688 1621 2724 concludit
1644 2689 1710 2732 ita,
1744 2692 1784 2722 ut

290 2750 396 2795 deos,
430 2750 491 2795 qui
522 2750 557 2784 in
589 2748 793 2784 nominibus
824 2748 981 2783 tribuum
1014 2752 1223 2791 occurrunt,
1256 2746 1406 2781 eosdem
1437 2755 1516 2780 esse
1546 2747 1651 2789 putet
1673 2747 1783 2789 atque

290 2808 541 2852 imperatores,
572 2816 724 2851 quorum
750 2816 772 2840 a
795 2805 998 2840 nominibus
1024 2805 1188 2840 derivata
1212 2807 1294 2839 sunt
1318 2803 1461 2838 nomina
1485 2802 1682 2847 phylarum.
1730 2801 1785 2836 Ea

290 2864 598 2909 argumentatione
623 2863 652 2898 si
677 2865 867 2906 uteremur,
893 2861 1167 2898 concedendum
1194 2864 1292 2896 esset
1308 2860 1461 2896 Nervam
1484 2861 1676 2903 aequatum
1700 2867 1783 2893 esse

289 2920 435 2964 Vestae,
465 2919 502 2955 id
527 2919 626 2965 quod
649 2919 811 2963 ineptum
837 2922 901 2954 est.
