1992 3261
1570 222 1648 260 309

217 352 288 382 nr.
312 339 366 382 ’76
396 360 449 372 =
480 341 565 380 CIG
597 341 705 379 3642
738 358 790 371 =
820 339 911 378 IGR
940 339 994 377 IV
1019 339 1121 377 180:

364 436 556 483 Ἰουλίαν
583 437 812 497 Σεβαστὴν
830 438 1005 481 Ἑστίαν
1035 439 1140 480 νέαν
1163 433 1366 493 Δήμητρα
1393 436 1419 493 ἡ
1448 437 1652 491 γερουσία

364 507 416 550 τὸ
445 509 490 551 δὲ
519 509 578 559 εἷς
605 506 656 551 τὸ
681 507 852 563 ἄγαλμα
874 507 945 548 καὶ
968 503 1049 562 τὴν
1070 503 1198 557 βάσιν
1220 505 1291 546 καὶ
1313 503 1393 561 τὴν
1417 499 1654 547 ἀνάστασιν

365 577 504 619 wito&
546 574 782 633 δαπάνημα
822 574 1123 630 ποιησαμένου
1166 573 1214 615 ἐκ
1250 575 1344 615 τῶν
1379 572 1507 615 ἰδίων
1540 569 1653 627 ὑπὲρ

363 647 440 702 τῆς
476 645 536 695 εἰς
571 640 679 694 τούς
715 640 963 696 στεφάνους
1001 636 1220 694 εὐσεβείας
1255 643 1339 683 τοῦ
1375 640 1524 695 ἱερέως
1559 643 1654 683 τῶν

365 715 610 764 Σεβαστῶν
641 713 714 754 καὶ
741 707 1084 766 στεφανηφόρον)
1109 712 1190 752 τοῦ
1218 707 1476 764 σύμπαντος
1502 708 1655 751 αὐτῶν

366 781 495 823 οἴκου
525 781 599 822 καὶ
630 781 790 835 ταμίου
818 780 900 821 τοῦ
931 776 1074 834 δήμου
1101 777 1152 820 τὸ
1182 776 1391 832 δεύτερον
1418 778 1655 820 Διονυσίου

365 851 447 891 τοῦ
476 847 902 902 Ἀπολλωνοτεὶμου.

163 954 317 991 Titulus
354 954 548 1002 pertinere
583 955 710 1002 potest
747 955 812 990 aut
848 951 898 989 ad
928 952 1080 989 Liviam
1111 954 1176 989 aut
1206 950 1254 987 ad
1285 951 1422 988 Iuliam
1455 952 1657 996 Domnam,

164 1021 232 1059 sed
277 1033 354 1059 non
400 1022 607 1059 verisimile
652 1020 744 1058 mihi
790 1020 942 1057 videtur
982 1020 1120 1056 Iuliam
1162 1019 1353 1056 Domnam
1394 1019 1488 1056 solis
1529 1019 1657 1057 verbis

164 1082 323 1128 Ἰουλία
339 1084 539 1143 Σεβαστή
560 1089 764 1138 appellari,
786 1100 871 1126 cum
889 1089 1038 1125 nullum
1055 1087 1243 1125 eiusmodi
1258 1087 1411 1124 videam
1429 1088 1659 1136 exemplum.

165 1157 353 1194 Sacerdos
396 1158 655 1205 Augustorum
702 1159 830 1205 potest
874 1167 957 1193 esse
997 1155 1165 1203 Augusti
1209 1157 1246 1192 et
1288 1155 1421 1192 Liviae
1465 1155 1658 1203 sacerdos,

166 1226 305 1274 quippe
344 1226 408 1274 qui
440 1223 657 1273 Σεβαστοὶ
693 1225 943 1273 appellentur
978 1224 1018 1261 in
1054 1224 1176 1261 titulis
1216 1224 1336 1262 Inscr.
1367 1224 1479 1272 Perg.
1508 1224 1546 1261 Π
1577 1224 1658 1261 374

165 1293 194 1331 O
221 1294 268 1330 13
301 1296 339 1330 et
367 1292 457 1330 IGR
485 1293 657 1330 111721.
717 1293 827 1330 Livia
865 1292 973 1330 audit
1010 1291 1086 1331 νέα
1118 1285 1320 1345 Δημήτηρ
1359 1292 1472 1329 etiam
1505 1291 1658 1341 Aphro-

165 1360 312 1399 disiade
351 1362 391 1398 in
431 1362 543 1398 titulo
581 1373 637 1399 nr.
664 1361 728 1400 57.
795 1360 863 1399 Cui
898 1361 1134 1410 imperatrici
1169 1361 1305 1398 titulus
1341 1361 1390 1397 sit
1424 1360 1661 1408 tribuendus,

166 1441 214 1466 ex
245 1429 374 1467 formis
404 1430 622 1466 litterarum
653 1429 942 1466 diiudicandum
973 1432 1040 1476 est,
1073 1428 1141 1466 sed
1171 1431 1270 1465 teste
1302 1429 1446 1466 Ioanne
1478 1428 1662 1477 Oehlero,

167 1498 231 1546 qui
269 1497 343 1535 hoc
374 1510 443 1546 per
473 1498 622 1536 litteras
653 1498 814 1536 comiter
844 1509 993 1535 mecum
1023 1497 1335 1546 communicavit,
1371 1498 1471 1535 inter
1501 1497 1662 1535 schedas

168 1565 350 1615 Corporis
380 1566 679 1615 Inscriptionum
708 1566 827 1604 Asiae
853 1565 1175 1603 vindobonenses
1206 1577 1283 1602 non
1315 1568 1440 1602 exstat
1470 1567 1662 1615 ectypum.

168 1634 294 1672 Unum
334 1636 489 1683 praeter
528 1633 602 1671 hoc
643 1634 734 1671 novi
771 1635 993 1683 exemplum
1029 1632 1193 1671 hominis
1231 1645 1306 1671 uno
1343 1636 1476 1671 tenore
1514 1633 1662 1671 duobus

167 1701 249 1740 deis
280 1702 446 1751 aequati,
477 1714 562 1740 cum
588 1703 628 1739 in
654 1703 768 1740 titulo
796 1714 851 1739 nr.
875 1703 926 1740 37
948 1702 1168 1750 Agrippina
1194 1702 1318 1739 minor
1344 1702 1462 1739 verbo
1484 1697 1662 1741 Βολλάα

167 1771 318 1817 Vestae,
348 1770 467 1808 verbo
498 1765 800 1822 Καρποφόρος
832 1769 962 1808 Cereri
993 1772 1189 1818 aequetur.
1202 1771 1229 1818 ¹)

282 1918 462 1966 Virgines
500 1929 520 1955 e
557 1920 670 1966 gente
710 1918 893 1967 principis
933 1920 1048 1955 natae
1085 1919 1250 1956 maximo
1287 1918 1413 1956 studio
1448 1920 1663 1966 aequantur

170 1986 322 2035 Veneri,
354 1986 425 2034 cui,
457 1986 598 2035 quippe
631 1998 730 2034 quae
761 1986 808 2023 sit
840 1986 913 2024 dea
943 1986 1140 2024 muliebris
1171 1986 1394 2033 venustatis,
1424 1986 1499 2023 iam
1529 1998 1662 2035 regum

170 2053 501 2091 hellenisticorum
547 2054 628 2092 sive
674 2065 814 2091 uxores
858 2054 939 2092 sive
984 2055 1131 2092 amicae
1176 2066 1292 2104 saepe
1337 2056 1523 2103 aequatae
1564 2057 1662 2092 sunt.

169 2122 326 2160 Lamiae
372 2122 518 2159 amicae
563 2121 751 2158 Demetrii
796 2120 976 2159 Thebani
1021 2125 1293 2160 exstruxerunt
1336 2123 1521 2171 templum
1563 2125 1664 2177 'teste

170 2190 383 2227 Polemone
419 2188 521 2238 apud
552 2188 691 2226 Athen.
718 2189 771 2226 VI
801 2201 836 2237 p.
861 2189 940 2226 253
968 2190 998 2226 Β
1029 2208 1082 2220 =
1115 2189 1218 2228 FHG
1246 2190 1302 2227 ΙΙΙ
1332 2202 1368 2238 p.
1394 2190 1482 2237 120,
1508 2189 1556 2226 15
1589 2187 1662 2227 καὶ.

175 2256 360 2309 Θηβαῖοι
401 2251 722 2302 κολακιῦοντες
759 2249 839 2295 τὸν
876 2252 1126 2309 Δημήτριον
1165 2288 1173 2296 .
1199 2288 1206 2296 .
1229 2288 1237 2296 .
1277 2251 1514 2308 ἱδρύσαντο
1553 2251 1663 2295 ναὸν

166 2315 424 2377 Ἀφροδίτης
445 2321 623 2375 Λαμίας.
672 2323 867 2372 Harpalus
895 2336 1048 2373 quoque
1070 2324 1324 2372 Pythionicae
1352 2326 1501 2362 amatae
1523 2324 1665 2361 Veneri

172 2396 361 2441 aequatae
397 2393 585 2441 templum
625 2394 662 2429 ct
698 2403 804 2429 aram
842 2392 1024 2430 struenda
1061 2393 1219 2431 curavit.
1278 2393 1340 2430 Ps.
1376 2392 1524 2440 Theop.
1561 2391 1664 2441 apud

287 2535 314 2579 l)
350 2534 593 2579 Imperatricis
629 2534 763 2570 Vestae
803 2538 976 2579 aequatae
1018 2535 1114 2570 aliud
1152 2536 1355 2581 exemplum
1392 2546 1462 2570 non
1499 2535 1665 2579 occurrit,

172 2601 292 2635 neque
317 2592 409 2626 enim
433 2591 709 2627 adsentiendum
736 2594 790 2626 est
815 2591 1097 2636 Dittenbergero
1123 2593 1314 2627 conicienti
1339 2592 1476 2626 Liviam
1500 2591 1551 2625 illi
1576 2592 1666 2626 deae

175 2658 254 2683 esse
287 2651 476 2692 aequatam
508 2648 542 2682 in
576 2648 682 2682 titulo
715 2647 765 2682 IG
792 2647 927 2682 111310
955 2643 1103 2693 Ἶερηάς
1120 2644 1290 2694 “Ιι’στ[ίας
1317 2648 1390 2693 ...]
1422 2649 1482 2682 καὶ
1507 2647 1666 2693 Ampiae

174 2702 239 2738 καὶ
275 2697 428 2745 Ἰουλίας
464 2705 580 2749 (quod
617 2714 818 2749 cognomen
851 2703 985 2738 Vestae
1022 2705 1182 2740 deletum
1218 2706 1280 2749 sit,
1317 2705 1527 2749 ignoratur).
1585 2704 1666 2739 Non

174 2759 346 2794 habemus
372 2770 434 2794 cur
458 2760 599 2794 titulum
621 2761 897 2804 interpretemur
913 2760 1006 2794 sicut
1022 2761 1139 2804 alium,
1165 2771 1272 2805 quem
1290 2761 1394 2795 affert
1410 2760 1667 2805 Dittenberger

175 2815 225 2850 IG
250 2815 305 2850 ΙΙΙ
322 2819 386 2851 276
419 2814 547 2862 ἱερέως
582 2817 822 2856 Ποσειδῶνος
855 2813 1047 2860 Γαιηόχου
1079 2815 1143 2851 καὶ
1174 2809 1388 2861 Ἐρεχθέως
1418 2816 1468 2850 ita
1492 2820 1531 2850 ut
1556 2817 1667 2851 verba.

175 2873 311 2917 Λειβία
337 2876 374 2908 et
398 2868 532 2908 Ἰουλία
556 2883 622 2918 pro
648 2872 924 2918 cognominibus
949 2872 1083 2908 Vestae
1109 2873 1316 2908 habeamus.
