1992 3261
260 773 495 848 Quicunque
536 812 692 849 operam
733 799 798 838 dat
836 798 1089 848 religionibus
1126 798 1368 847 antiquorum
1405 799 1635 848 populorum

144 866 438 915 investigandis,
476 879 561 905 eum
601 867 769 915 effugere
806 878 884 904 non
917 869 1045 915 potest
1079 866 1214 904 mirum
1246 865 1438 914 quoddam
1470 866 1636 903 studium

145 935 243 972 inter
269 934 361 973 deos
388 934 583 973 inserendi
612 934 784 972 homines
812 934 926 972 rebus
955 935 1111 983 egregie
1135 935 1251 983 gestis
1271 947 1449 983 magnam
1471 935 1636 983 gloriam

145 1002 317 1051 adeptos,
343 1002 447 1051 quod
474 1003 522 1041 ab
550 1003 706 1041 orientis
733 1003 889 1052 populis
918 1013 1095 1040 exorsum
1122 1014 1369 1051 progressum
1395 1002 1445 1039 ad
1468 1002 1636 1040 Graecos

145 1071 286 1117 effecit,
331 1076 372 1108 ut
417 1082 501 1108 cum
543 1070 747 1118 Lysander
764 1071 790 1119 1)
834 1070 1106 1119 Alexander2)
1152 1071 1366 1108 Ptolemaei
1406 1070 1636 1108 Seleucidae

144 1137 347 1177 Attalidae
379 1139 447 1175 alii
459 1139 489 1187 3)
520 1141 599 1176 tum
629 1138 871 1176 Flamininus
902 1139 1233 1188 proconsulesque
1258 1138 1423 1176 Romani
1435 1137 1467 1187 ⁴)
1497 1138 1637 1176 divinis

143 1206 354 1244 honoribus
400 1205 656 1245 afficerentur.
728 1206 839 1245 Unde
880 1206 1067 1244 adulandi
1106 1206 1204 1243 illud
1245 1218 1367 1254 genus
1406 1209 1637 1255 receperunt

144 1275 324 1321 Romani,
365 1286 451 1313 cum
489 1274 638 1313 Graeca
677 1279 804 1313 mente
842 1275 1076 1323 Graecisque
1117 1275 1286 1313 moribus
1325 1278 1428 1312 totus
1468 1275 1636 1324 populus

145 1345 247 1380 esset
289 1343 469 1389 imbutus,
516 1346 553 1381 et
598 1342 646 1380 ad
687 1342 891 1381 Caesarem
934 1344 1263 1392 imperatoresque
1304 1343 1635 1390 transtulerunt.5)

144 1410 286 1448 Tribus
323 1411 536 1449 rationibus
574 1411 695 1460 recipi
730 1412 854 1461 potuit
889 1412 1099 1460 imperator
1135 1412 1234 1449 inter
1269 1410 1378 1455 deos,
1415 1411 1470 1448 ita
1499 1414 1541 1448 ut
1570 1413 1636 1448 aut

144 1479 226 1528 ipse
269 1479 351 1516 sive
391 1480 503 1517 vivus
544 1480 625 1517 sive
664 1482 751 1528 post
791 1483 951 1517 mortem
992 1480 1259 1528 appellaretur
1298 1479 1392 1517 deus
1429 1482 1494 1516 aut
1530 1482 1635 1517 certo

145 1546 217 1585 deo
253 1550 485 1595 aequaretur
521 1550 586 1585 aut
623 1550 747 1585 statua
779 1548 860 1585 eius
889 1549 927 1585 in
958 1548 1104 1597 templo
1135 1547 1241 1584 iuxta
1273 1547 1385 1584 deum
1416 1549 1635 1595 poneretur,

145 1627 221 1664 qua
250 1627 292 1653 re
323 1615 447 1653 factus
475 1618 532 1653 est
559 1611 751 1662 σύνναος
779 1615 851 1653 dei.
902 1615 1006 1654 Cave
1033 1618 1159 1653 autem
1186 1617 1296 1664 putes
1323 1615 1498 1652 omnibus
1525 1615 1635 1661 locis,

145 1683 282 1731 quibus
321 1683 430 1721 vides
469 1684 739 1732 imperatorem
779 1683 890 1721 deum
930 1684 1170 1732 appellatum
1207 1686 1272 1720 aut
1309 1682 1381 1720 deo
1419 1686 1634 1730 aequatum,

145 1763 229 1788 eum
271 1752 389 1789 sacris
430 1763 512 1789 esse
550 1752 711 1795 cultum,
754 1763 837 1789 cum
876 1751 1047 1789 divinum
1079 1763 1293 1801 cognomen
1323 1763 1511 1800 persaepe
1542 1751 1634 1788 adu-

144 1818 253 1856 landi
284 1821 430 1856 tantum
463 1830 578 1857 causa
607 1819 768 1857 inditum
799 1820 858 1857 sit.

257 1886 351 1924 Mihi
394 1887 434 1924 in
476 1886 550 1925 hac
592 1888 817 1935 quaestione
860 1900 974 1937 agere
1017 1888 1201 1937 proposui
1241 1887 1289 1925 de
1328 1887 1633 1936 imperatoribus,

147 1956 212 2003 qui
244 1956 357 1993 certis
389 1954 470 1992 deis
501 1957 655 2004 aequati
685 1959 788 2003 sunt,
826 1968 903 2004 qua
938 1957 978 1993 in
1008 1968 1049 1994 re
1080 1968 1157 1993 non
1188 1956 1334 1994 licebat
1364 1956 1539 1994 omittere
1571 1966 1635 1993 eos

144 2026 344 2072 poetarum
375 2024 495 2071 locos,
527 2023 663 2071 quibus
693 2024 945 2072 imperatores
977 2036 1061 2062 cum
1094 2023 1174 2062 deis
1205 2026 1487 2073 comparantur.

260 2167 286 2210 ¹)
317 2167 359 2201 E.
382 2167 627 2210 Kornemann,
668 2167 736 2201 Zur
772 2166 992 2202 Geschiehte
1031 2167 1096 2202 der
1136 2167 1284 2202 antiken
1320 2166 1632 2202 Herrscherkulte.

146 2223 231 2258 Klio
256 2223 273 2258 I
301 2226 379 2259 1901
410 2235 445 2268 p.
464 2227 516 2258 54.

257 2281 287 2324 ²)
311 2279 333 2315 1.
348 2291 378 2315 c.
404 2291 438 2325 p.
459 2283 500 2315 56
514 2290 592 2325 sqq.

258 2338 287 2380 ⁸)
311 2336 332 2372 l.
348 2347 378 2372 c.
403 2348 437 2381 p.
457 2340 497 2372 60
512 2347 592 2382 sqq.

258 2396 287 2436 ⁴)
313 2393 334 2428 l.
349 2404 378 2428 e.
404 2405 439 2438 p.
458 2397 499 2428 95
514 2404 567 2438 sq.

259 2451 286 2493 5)
312 2450 356 2485 H.
369 2451 521 2494 Heinen,
539 2450 608 2484 Zur
623 2449 871 2495 Begrilndung
888 2451 952 2486 des
970 2451 1169 2486 romischen
1184 2450 1446 2486 Kaiserkultes.
1480 2450 1563 2485 Klio
1581 2449 1631 2483 XI

149 2509 227 2541 1911
258 2517 294 2551 p.
314 2509 376 2541 129
391 2516 470 2551 sqq.

215 2982 293 3008 Dies.
308 2983 379 3009 Hal.
399 2982 463 3015 XX,
476 2983 500 3008 3.
1388 2984 1427 3016 18
