1992 3261
246 280 326 318 278

362 394 454 434 Cum
485 395 576 434 Sole
608 399 805 446 comparat
833 396 1029 435 Neronem
1059 397 1295 446 epigramma

300 486 421 526 Anth.
448 488 531 525 Pal.
558 488 613 526 IX
634 489 727 527 178:

380 585 441 637 ὥς
471 585 612 642 πάρος
641 581 821 639 Ἀελίου,
852 589 938 630 νῦν
969 588 1193 643 Καίσαρος
1224 586 1250 629 (ἓ
1276 584 1422 637 Ῥόδος
1453 587 1536 642 εἰμὶ

448 656 594 707 νᾶσος,
627 655 726 697 ἴσον
759 656 800 698 δ’
825 654 949 710 αὐχῶ
981 656 1141 710 φέγγος
1174 656 1247 697 ἀπ’
1271 649 1560 710 ἀμφοτέρων·

378 719 459 778 ἤδη
492 724 791 778 σβεννυμέναν
819 740 871 778 με
902 724 979 766 νέα
1009 721 1314 777 κατεφώτισεν
1346 718 1481 773 ἀκτίς,

438 787 562 842 Ἅλιε,
594 792 667 833 καὶ
697 789 820 846 παρὰ
850 787 931 834 σὸν
963 792 1124 847 φέγγος
1156 789 1322 846 ἔλαμψε
1354 792 1524 846 Νέρων.

377 861 474 909 πῶς
503 859 628 911 εἴπω,
660 861 748 901 τίνι
777 863 949 915 μᾶλλον
981 860 1236 914 ὀφέίλομαι,·
1268 854 1316 910 ὃς
1343 860 1424 914 μὲν
1455 859 1619 913 ἔδειξέν

447 927 492 980 ἐξ
523 926 643 979 ἁλός,
675 921 722 978 ὃς
754 929 795 970 δ’
818 923 899 984 ἤδη
931 925 1098 983 ῥύσατο
1131 928 1363 982 δυομέναν.

242 1032 308 1070 Ad
339 1032 510 1071 eiusdem
548 1032 611 1070 dei
641 1033 808 1082 speciem
838 1032 948 1071 fictus
980 1036 1063 1071 erat
1097 1034 1307 1082 imperator
1335 1034 1374 1070 in
1405 1034 1511 1080 velo⁷
1547 1045 1623 1082 quo
1654 1036 1738 1072 erat

241 1103 383 1138 tectum
434 1101 626 1138 theatrum
676 1104 754 1138 tum
805 1112 890 1138 cum
941 1100 1136 1139 Tiridates
1186 1113 1255 1139 rex
1305 1102 1449 1139 Romae
1498 1102 1735 1140 versabatur.

243 1169 347 1207 Cass.
369 1169 444 1207 Dio
471 1169 599 1206 LXIII
622 1169 657 1216 6,
677 1170 716 1206 2:
753 1163 807 1207 τά
844 1182 891 1220 γε
927 1163 1014 1222 μὴν
1049 1165 1429 1221 παραπετάσματα
1465 1165 1522 1208 τὰ
1553 1165 1624 1209 διὰ
1653 1169 1735 1209 τοῦ

243 1229 369 1288 ἀέρος
407 1235 696 1286 διαταθέντα,
735 1229 858 1284 ὅπως
894 1232 975 1276 τὸν
1008 1229 1136 1289 ἥλιον
1167 1231 1405 1289 ἀπερύκοι,
1442 1228 1638 1290 ἁλουργὰ
1666 1226 1734 1292 ἦν,

241 1304 311 1344 καὶ
365 1302 411 1344 ἐν
457 1303 573 1358 μέσῳ
619 1303 769 1344 αὐτῶν
814 1298 930 1357 ἅρμα
975 1301 1178 1345 ἐλαύνων
1224 1301 1247 1345 ὁ
1294 1304 1452 1359 Νέρων
1497 1302 1734 1355 ἐνέστικτο,

241 1371 368 1424 πέριξ
401 1370 445 1413 δὲ
476 1365 653 1425 ἀστέρες
681 1379 840 1426 χρυσοῖ
868 1370 1137 1426 ἐπέλαμπον.

356 1476 498 1513 Vestae
528 1478 694 1524 aequata
725 1479 782 1513 est
811 1476 927 1513 Livia
957 1476 1005 1514 ab
1037 1474 1192 1514 Ovidio:

300 1568 358 1604 Ex
389 1568 513 1604 Ponto
544 1567 598 1604 IV
619 1568 681 1614 13,
699 1568 769 1604 29:

447 1669 527 1696 esse
548 1659 786 1706 pudicarum
820 1660 853 1696 te
880 1658 1046 1703 Vestam,
1076 1658 1204 1704 Imm,
1234 1661 1414 1697 matrum.

354 1761 460 1798 Nero
499 1761 543 1799 ut
584 1764 665 1798 erat
702 1760 936 1799 Graecorum
976 1760 1155 1799 ludorum
1195 1773 1327 1799 amans
1365 1761 1483 1799 facile
1519 1764 1735 1811 comparari

241 1829 364 1878 potuit
409 1840 493 1866 cum
533 1829 738 1877 Apolline,
783 1841 908 1877 neque
949 1842 972 1866 a
1012 1830 1133 1878 poetis
1177 1832 1325 1867 tantum
1364 1830 1462 1868 illud
1502 1830 1660 1869 honoris
1699 1831 1735 1869 ei

241 1897 424 1934 tributum
470 1900 540 1943 est,
586 1896 654 1935 sed
699 1897 813 1934 etiam
858 1897 906 1934 ab
951 1898 1142 1945 equitibus
1182 1898 1381 1945 Romanis,
1427 1910 1521 1947 quos
1566 1901 1608 1936 ut
1651 1902 1734 1937 erat

242 1964 481 2002 adulationis
513 1964 675 2013 cupidus
707 1976 835 2002 secum
866 1966 903 2002 in
936 1964 1139 2003 Graeciam
1171 1965 1296 2013 duxit,
1328 1970 1369 2003 ut
1399 1967 1472 2004 sibi
1501 1966 1735 2016 plauderent

242 2037 279 2071 et
315 2033 452 2070 laudes
489 2034 711 2070 tribuerent.
772 2035 808 2071 A
847 2034 985 2081 quibus
1021 2035 1293 2083 imperatorem
1325 2034 1482 2072 deorum
1513 2035 1732 2073 nominibus

242 2102 484 2150 appellatum
515 2113 600 2139 esse
631 2104 792 2139 testatur
822 2102 915 2139 Tac.
943 2114 1030 2139 ann.
1056 2103 1146 2140 XIV
1167 2103 1233 2140 15:
1270 2101 1544 2153 (Auyustc'am')
1577 2103 1657 2142 dies
1689 2115 1735 2141 ac

241 2172 372 2207 noctes
413 2170 625 2217 plausibus
667 2181 882 2217 personare
926 2172 1097 2218 formam
1137 2172 1331 2219 principis
1375 2183 1577 2219 vocemque
1622 2172 1733 2210 deum

242 2238 442 2275 vocabulis
480 2238 734 2285 appellantes.
804 2238 874 2276 Cui
911 2238 984 2275 deo
1022 2242 1266 2288 comparatus
1302 2241 1366 2286 sit,
1405 2241 1649 2289 intellegitur
1685 2251 1733 2278 ex

241 2307 328 2344 loco
351 2305 473 2344 Cassii
493 2306 629 2343 Dionis
655 2306 760 2355 (LXI
778 2306 841 2352 20,
856 2306 907 2355 5),
935 2307 998 2344 ubi
1025 2308 1231 2344 clamatum
1257 2319 1340 2345 esse
1366 2307 1530 2345 traditur
1551 2303 1574 2346 ὁ
1598 2303 1733 2354 καλὸς

243 2374 429 2423 Καῖσαρ,
466 2369 489 2413 ὁ
512 2369 751 2422 Ἁπόλλων,
789 2369 812 2413 ὁ
846 2367 1127 2426 Αὔγουστος,
1168 2368 1227 2422 εἷς
1264 2371 1323 2422 ὡς
1354 2371 1547 2424 Πύθιος,
1583 2371 1644 2427 μά
1673 2385 1732 2424 σε,

242 2442 431 2493 Καῖσαρ,
482 2434 627 2488 ου’ὸέίς
677 2452 721 2481 σε
773 2441 887 2496 νικᾷ.
973 2442 1065 2480 Cum
1111 2443 1254 2481 rediret
1298 2444 1403 2481 Nero
1448 2455 1548 2481 anno
1587 2444 1638 2481 68
1683 2456 1732 2481 ex

243 2510 421 2558 Graecia,
466 2511 580 2548 laetis
622 2511 963 2548 acclamationibus
1004 2523 1088 2548 eum
1130 2512 1282 2561 excepit
1321 2513 1487 2561 populus
1527 2512 1732 2550 clamitans

242 2578 362 2625 (Cass.
393 2578 467 2616 Dio
509 2577 637 2615 LXIII
665 2578 728 2624 20,
751 2578 791 2626 5)
836 2576 1011 2629 Νέρωνι
1061 2578 1124 2631 τῷ
1166 2573 1391 2631 Ἠρακλεῖ·
1442 2577 1618 2632 Νέρωνι
1666 2579 1731 2633 ‘tq'

235 2637 494 2685 Ἀπόλλωνι.

354 2735 501 2774 Eodem
533 2747 618 2774 cum
649 2735 722 2774 deo
752 2737 1024 2785 imperatorem
1056 2740 1280 2786 comparant
1309 2740 1464 2787 poetae:

298 2826 422 2865 carm.
450 2826 611 2864 Einsidl.
637 2827 655 2863 I
677 2827 746 2864 37:

445 2917 506 2954 hic
532 2917 736 2955 Heliconis
764 2928 853 2965 opes
878 2918 1027 2964 florent,
1055 2918 1116 2956 Mc
1140 2922 1264 2957 vester
1287 2917 1434 2967 Apollo
1463 2922 1528 2958 est.
