1992 3261
1585 226 1666 263 303

175 335 361 374 habemus
392 335 494 385 quod
521 335 720 374 Boeokhio
750 337 1015 384 assentiamur,
1046 338 1112 386 qui
1139 337 1292 376 Claudii
1321 339 1556 388 temporibus
1581 341 1669 388 post

174 404 309 442 Liviae
340 404 668 442 consecrationem
699 405 852 442 titulum
883 405 1142 454 conscriptum
1173 416 1257 443 esse
1287 408 1407 455 putat.

288 482 441 522 Claudii
484 495 580 521 uxor
621 483 828 522 Messalina
874 485 995 522 semel
1039 484 1079 521 in
1124 496 1278 522 nummo
1323 485 1457 534 oppidi
1496 486 1666 524 Nicaeae

175 550 413 600 (Bithyniae)
444 551 550 589 audit
580 549 658 590 νέα
679 544 805 603 (Ἡρα.

232 663 304 694 nr.
327 650 382 694 48
411 672 465 685 =
496 654 669 692 Mionnet
704 654 742 692 II
777 666 813 703 p.
835 654 917 691 450
954 666 1009 692 nr.
1033 655 1113 692 213
1146 673 1197 685 =
1230 654 1364 694 Cohen
1399 656 1416 693 I
1452 668 1489 705 p.
1512 656 1603 704 268,
1629 658 1668 694 l:

377 756 442 794 A.:
474 754 729 796 Μεσσαλίνα
759 752 964 810 Σεβαστὴ
995 754 1071 796 νέα
1092 748 1204 808 (Ἡρα
1245 758 1378 806 (caput
1407 758 1667 806 Messalinae).

378 825 437 862 R.:
468 824 515 864 Γ.
547 819 710 872 Κάδιος
738 820 920 875 Ῥοῦφος
951 816 1213 872 ἇνθῦπατος
1244 824 1502 866 Νεικαιέων.

174 927 287 964 Hune
327 938 520 964 nummum
558 938 688 964 cusum
725 938 810 964 esse
846 927 1058 964 Messalina
1093 928 1183 965 viva
1218 927 1310 965 inde
1346 930 1522 977 apparet,
1563 928 1668 978 quod

175 994 315 1033 Cadius
355 994 475 1032 Rufus
516 1006 636 1042 usque
677 994 726 1032 ad
767 1006 906 1032 annum
946 995 1016 1042 48,
1057 1007 1132 1044 quo
1169 998 1318 1033 mortua
1354 999 1410 1034 est
1445 997 1668 1044 Messalina,

174 1065 257 1100 erat
291 1063 500 1111 proconsul
531 1062 738 1110 Bithyniae
752 1062 782 1112 1)
814 1065 852 1100 et
882 1063 986 1111 quod
1016 1064 1251 1102 Messalinae
1282 1067 1454 1102 mortuae
1485 1065 1668 1103 memoria

174 1130 355 1168 damnata
386 1131 494 1178 est.²)

286 1209 350 1248 Ad
387 1210 568 1248 Sabinam
606 1209 792 1248 Hadriani
829 1222 987 1250 uxorem
1022 1210 1251 1250 referendus
1288 1211 1381 1250 mihi
1416 1212 1569 1250 videtur
1604 1212 1667 1250 hie

173 1278 309 1316 titulus
339 1278 716 1317 Halicarnassensis:

230 1390 304 1421 nr.
326 1377 381 1420 49
411 1399 463 1412 =
495 1381 599 1418 Bull.
631 1392 725 1419 corr.
758 1380 852 1419 hell.
882 1381 936 1419 IV
963 1382 1068 1419 1880
1099 1394 1135 1432 p.
1157 1383 1260 1420 396:

383 1479 573 1522 Ἰουλίαν
601 1480 704 1522 νέαν
726 1475 868 1535 (Ἠραν
890 1483 1115 1533 Σαβεῖναν
1135 1479 1368 1537 Σεβαστὴν
1389 1480 1411 1524 ὁ
1442 1481 1574 1538 δῆμος
1601 1517 1608 1524 .
1630 1516 1638 1524 .
1659 1516 1667 1523 .

174 1584 276 1622 Iulia
306 1584 450 1622 Sabina
485 1583 644 1622 audiunt
681 1586 718 1622 et
748 1584 847 1622 Iulia
878 1584 959 1621 Titi
993 1583 1072 1622 filia
1109 1587 1147 1622 et
1177 1585 1319 1623 Sabina
1353 1598 1450 1624 uxor
1480 1585 1669 1623 Hadriani

174 1652 215 1689 in
245 1653 418 1701 nummis,
450 1653 514 1702 qui
543 1664 628 1690 eum
659 1665 681 1689 a
709 1653 792 1690 solo
821 1652 975 1691 Goltzio
989 1653 1019 1701 3)
1047 1657 1401 1701 commemorentur,
1431 1665 1500 1702 pro
1528 1654 1668 1702 spuriis

173 1719 414 1769 habentu1·.4)
479 1721 621 1758 Noster
661 1721 797 1758 titulus
837 1721 929 1769 quin
969 1720 1019 1758 ad
1059 1720 1240 1759 Sabinam
1280 1721 1470 1759 Hadriani
1509 1733 1667 1760 uxorem

173 1789 365 1837 pertineat
400 1800 478 1825 non
514 1788 663 1835 dubito,
701 1800 786 1826 eum
824 1790 859 1826 ei
896 1789 1331 1828 accommodatissimum
1368 1790 1417 1827 sit
1452 1801 1667 1839 cognomen

174 1854 250 1895 νέα
273 1849 399 1908 (Ἡρα,
429 1868 505 1905 quo
536 1857 687 1894 Pataris
719 1868 871 1905 quoque
902 1858 1144 1906 appellatur:

232 1969 303 1998 nr.
326 1955 381 1999 50
411 1977 464 1990 =
495 1958 584 1997 IGR
613 1959 671 1996 III
695 1960 794 1996 663:

378 2047 575 2100 Σαβείνῃ
607 2049 808 2101 Σεβαστῇ
839 2048 916 2105 νέᾳ
938 2043 1064 2104 (Ἡρα.

287 2153 386 2189 Iulia
423 2153 574 2189 Domna
612 2152 719 2190 audit
756 2151 832 2192 νέα
860 2146 973 2204 (Ἡρα
1008 2153 1182 2202 Laginae
1219 2154 1446 2203 (Phrygiae)
1483 2154 1522 2191 in
1547 2156 1665 2192 xtitulo

232 2253 304 2283 nr.
326 2240 378 2283 51
412 2262 465 2275 Ξ
497 2243 581 2282 CIG
615 2243 758 2281 3956b
791 2243 853 2291 (of.
886 2243 989 2293 add.)
1021 2263 1074 2275 =
1104 2245 1159 2282 Le
1190 2245 1267 2282 Bas
1297 2245 1354 2282 111
1381 2245 1505 2282 1700:

378 2330 490 2385 ὑπὲρ
519 2332 736 2386 σωτηρίας
763 2332 836 2372 καὶ
864 2333 1009 2387 νείκης
1037 2333 1110 2374 καὶ
1133 2332 1319 2373 αἰωνίου
1342 2333 1551 2388 διαμονῆς
1571 2335 1666 2374 τῶν

379 2400 608 2441 δεσποτῶν
653 2400 727 2440 καὶ
772 2397 1021 2454 ἀνεικήτίον
1062 2397 1427 2454 Αὕτοκρατόρων
1467 2401 1665 2442 Λουκίου

378 2468 624 2522 Σεπτιμίου
640 2465 873 2523 Σεουήρου
894 2468 966 2509 καὶ
983 2465 1173 2523 Μάρκου
1195 2466 1424 2523 Αὐρηλιόυ
1441 2462 1664 2510 Ἀντωνεί-

289 2637 316 2680 ¹)
340 2636 394 2671 Cf.
419 2637 640 2681 Prosopogr.
666 2637 750 2681 imp.
776 2637 880 2672 Rom.
905 2637 1003 2672 1245
1029 2647 1079 2671 nr.
1098 2640 1129 2671 5.

287 2693 316 2735 2)
341 2693 426 2727 Tae.
451 2703 530 2730 ann.
555 2693 606 2727 XI
625 2696 676 2727 38.

288 2750 318 2793 8)
342 2749 546 2785 Thesaurus
571 2751 622 2785 rei
646 2750 867 2795 antiquariae
890 2750 1114 2786 huberrimus
1139 2762 1172 2795 p.
1192 2754 1244 2784 57.
1271 2755 1323 2784 711.

288 2807 317 2849 ⁴)
342 2806 483 2841 Eekhel
507 2807 559 2842 VI
583 2818 616 2851 p.
637 2810 710 2841 365.
738 2809 812 2841 520.
861 2807 1078 2851 Prosopogr.
1104 2807 1187 2851 imp.
1211 2808 1313 2842 Rom.
1340 2806 1375 2840 II
1400 2817 1432 2850 p.
1452 2809 1492 2840 82
1519 2816 1568 2839 nr.
1589 2808 1662 2840 281.

176 2861 230 2896 111
255 2873 290 2906 p.
309 2865 373 2897 430
397 2873 448 2897 nr.
466 2866 542 2898 414.
