1992 3261
274 271 358 307 286⁴

274 384 326 432 (8,
350 385 401 432 9),
433 383 501 422 sed
533 384 648 422 etiam
680 385 825 422 nummi
855 385 965 422 aenei
997 396 1045 422 ex
1073 386 1227 422 senatus
1254 385 1431 423 consulto
1461 385 1552 433 cusi,
1583 385 1648 434 qui
1667 384 1770 423 idem

274 464 488 500 cognomen
518 452 743 501 imperatori
772 452 922 490 indunt.
983 451 1115 491 Cohen
1146 452 1203 489 III
1238 465 1273 501 p.
1297 452 1375 489 251
1395 464 1478 502 sqq.
1508 465 1565 491 nr.
1590 454 1668 491 182
1686 464 1770 502 sqq.

276 521 354 557 192
378 532 434 568 sq.
477 521 550 558 197
569 532 652 569 sqq.
691 521 770 557 203
794 532 876 569 sqq.
947 520 1156 559 Commodo
1201 521 1440 558 immolatum
1485 532 1569 560 esse
1614 524 1656 559 ut
1695 521 1768 559 deo

274 600 437 636 eumque
492 589 684 627 flaminem
734 589 1023 627 Herculaneum
1073 588 1389 627 Commodianum
1446 589 1520 627 sibi
1569 590 1769 639 paravisse

271 659 434 694 testatur
463 657 542 694 vita
574 657 626 704 (9,
649 657 684 694 2.
721 658 780 703 17,
805 658 883 706 ll).

387 724 610 773 Cognomen
646 725 827 763 Herculis
865 725 1027 762 Romani
1066 726 1218 762 transiit
1253 724 1302 762 ad
1334 725 1580 763 Caraeallam
1618 726 1659 763 in
1693 737 1770 763 uno

273 805 427 830 nummo
449 794 720 842 Sagalasseno.
770 793 850 832 Cat.
872 793 964 833 Brit.
985 793 1082 831 Mus.
1104 793 1252 831 Pisidia
1282 806 1318 842 p.
1338 794 1418 831 243
1448 806 1504 832 nr.
1525 794 1587 832 18.
1632 789 1770 846 [Hya—

272 860 395 915 κλῆς]
433 858 654 913 Ῥωμαῖος.
724 862 768 899 111
808 873 962 899 nummo
1009 862 1177 899 cernitur
1216 862 1342 910 imago
1384 862 1617 901 caracallae
1661 863 1770 911 pelle

273 930 399 967 leonis
431 929 566 969 ornati.

387 997 638 1036 Commodum
674 997 787 1035 etiam
818 997 1048 1036 Mercurium
1080 1009 1120 1035 se
1152 998 1418 1047 appellavisse
1457 1000 1590 1036 narrat
1620 997 1771 1037 Cassius

274 1065 348 1103 Dio
381 1065 541 1114 (LXXII
561 1066 623 1113 17,
647 1066 682 1103 3.
716 1066 779 1113 19,
801 1065 853 1113 4).

387 1134 565 1182 Denique
595 1137 756 1182 tangere
788 1136 940 1183 oportet
960 1134 1231 1182 Elagabalum,
1263 1133 1311 1171 de
1339 1146 1414 1182 quo
1445 1133 1649 1172 traduntur
1674 1133 1771 1172 haee

272 1203 311 1239 in
351 1202 432 1240 vita
471 1203 551 1240 eius
592 1203 656 1250 28,
688 1203 733 1239 2:
774 1203 903 1240 iunxi&
940 1203 1016 1240 siba·
1056 1205 1092 1239 et
1133 1203 1259 1240 leones
1295 1202 1469 1240 Matrem
1507 1215 1695 1252 maynam
1730 1214 1771 1241 sc

275 1271 491 1318 appellans,
529 1272 656 1308 izmxe't
685 1274 722 1308 et
753 1272 868 1319 times
899 1270 1086 1308 Liberum
1116 1282 1198 1309 sese
1227 1283 1371 1310 voccms
1403 1271 1607 1319 codemque
1638 1271 1773 1309 habitu

275 1350 405 1387 aycns,
438 1350 512 1386 quo
544 1339 600 1376 clia·
621 1340 854 1387 pumuntur,
887 1350 982 1386 quos
1012 1339 1253 1377 imitabatur.

794 1579 971 1632 caput
1007 1579 1250 1623 tertium.

388 1665 577 1712 Quoniam
609 1678 740 1704 omnes
773 1667 951 1716 congessi
982 1669 1020 1704 et
1049 1669 1250 1715 poetarum
1280 1668 1400 1713 locos,
1431 1667 1496 1715 qui
1520 1667 1772 1715 imperatores

275 1746 359 1772 eum
387 1734 468 1772 deis
496 1737 830 1784 comparaverunt,
863 1737 901 1772 et
921 1735 1141 1772 testimonia
1163 1735 1403 1783 scriptorum,
1435 1735 1502 1783 qui
1522 1735 1772 1783 imperatores

273 1804 377 1851 ipsos
419 1802 500 1840 deis
540 1814 581 1840 se
618 1803 847 1850 aequavisse
887 1801 1060 1851 tradunt,
1102 1814 1205 1840 nune
1245 1803 1393 1840 animus
1424 1802 1685 1840 advertendus
1717 1805 1774 1840 est

274 1871 323 1908 ad
354 1870 536 1917 Graecos,
568 1871 632 1918 qui
663 1882 748 1908 cum
780 1871 1032 1919 imperatores
1064 1870 1157 1908 deos
1187 1871 1291 1919 ipsos
1323 1882 1407 1908 esse
1437 1859 1629 1919 putarent,
1660 1871 1773 1909 certis

275 1939 358 1977 deis
405 1950 471 1976 eos
517 1951 595 1975 non
639 1940 717 1976 tam
764 1939 1042 1987 comparabant
1087 1951 1198 1987 quam
1242 1939 1474 1987 aequabant.
1542 1939 1640 1976 Tres
1685 1941 1773 1976 sunt

273 2008 442 2044 rationes
488 2006 622 2044 harum
669 2007 964 2055 aequationum3
1008 2019 1096 2044 nam
1137 2009 1204 2044 aut
1243 2007 1458 2045 nominibus
1498 2007 1772 2056 imperatorum

274 2087 414 2113 nomen
445 2075 507 2112 dei
539 2074 673 2112 addita
703 2075 865 2124 epiclesi
897 2075 1126 2124 adiungitur,
1157 2077 1222 2113 aut
1242 2076 1451 2124 imperator
1471 2078 1511 2112 ut
1533 2087 1656 2113 novus
1678 2074 1773 2113 deus

275 2144 506 2189 celebratur,
538 2146 602 2179 aut
631 2146 672 2180 ut
694 2138 885 2189 σύνναος
915 2144 954 2180 111
976 2144 1122 2181 cultum
1145 2143 1207 2181 dei
1233 2143 1426 2192 recipitur,
1459 2144 1566 2181 cuius
1592 2143 1773 2192 epiclesis

274 2211 322 2248 ad
355 2223 440 2249 eum
471 2210 711 2251 transfertur.

388 2279 517 2316 Prima
555 2279 704 2316 ratione
746 2279 821 2315 iam
859 2279 1046 2317 Seleucus
1082 2280 1099 2316 I
1134 2291 1157 2315 a
1192 2278 1272 2316 filio
1315 2281 1563 2316 consecratus
1604 2281 1662 2316 est
1701 2278 1770 2316 sub

274 2348 428 2384 nomine
469 2341 568 2393 Διὸς
609 2341 913 2398 Νικάτοροςῑ)
984 2346 1066 2385 CIG
1111 2347 1220 2384 4458
1262 2347 1470 2395 (Seleucia)
1511 2343 1639 2399 ἱερεῖς
1678 2378 1685 2385 .
1719 2377 1727 2385 .
1763 2377 1770 2385 .

275 2412 503 2455 Σελεύκου
521 2410 620 2461 Διὸς
637 2411 889 2467 Νικάτορος
911 2414 983 2455 καὶ.
997 2408 1222 2468 Ἀντιόχου
1235 2408 1516 2462 Ἀπόλλωνος
1538 2415 1773 2469 ,Σωτῆρος

276 2484 322 2523 cf.
344 2484 445 2533 App.
469 2484 553 2531 Syr.
576 2484 627 2520 63
655 2481 882 2523 Σέλευκον
907 2482 987 2535 μὲν
1011 2480 1127 2523 ἔκαιε
1153 2482 1410 2535 Φιλέταιρος
1436 2516 1443 2522 .
1469 2515 1477 2523 .
1503 2515 1511 2522 .
1538 2480 1586 2522 ἐν
1609 2485 1773 2523 Σελευ-

275 2551 371 2605 κείᾳ
400 2552 454 2603 τῇ
483 2546 594 2603 πρὸς
626 2546 868 2601 θαλάσσῃ..
894 2584 900 2590 ,
928 2584 935 2590 .
969 2547 1086 2590 νεών
1114 2544 1235 2604 &tiz-(¹13
1258 2549 1468 2604 ἐπέστησε
1498 2549 1569 2590 καὶ
1594 2549 1772 2603 τέμενος

275 2618 513 2673 περιέθηκε
532 2630 539 2637 ·
559 2617 628 2657 καὶ
662 2614 712 2657 τὸ
747 2617 925 2670 τέμενος
956 2607 1253 2671 Νικατόρειου
1285 2616 1578 2670 ἐπικλῃζεται.

275 2745 421 2775 senatus
453 2740 618 2775 consulto
652 2740 802 2774 Neronis
836 2740 990 2785 effigiem
1026 2741 1100 2784 pari
1133 2741 1378 2784 magnitudine
1411 2751 1454 2775 ae
1486 2739 1610 2775 Martis
1635 2740 1772 2775 Ultoris

275 2797 404 2832 eodem
429 2798 463 2831 in
488 2797 623 2841 templo
650 2797 803 2840 positam
822 2807 902 2831 esse
920 2803 1037 2831 narrat
1062 2798 1155 2840 (ann.
1174 2797 1263 2831 XIII
1282 2798 1327 2841 ξε).
1370 2797 1464 2831 Nero
1484 2797 1593 2841 igitur
1612 2792 1772 2837 σύνναος

277 2854 335 2888 dei
361 2853 478 2888 faetus
504 2857 540 2887 et
564 2854 642 2897 ipse
667 2853 758 2887 inter
784 2853 874 2887 deos
899 2858 1068 2897 receptus
1095 2857 1159 2887 est.

390 2909 418 2953 1)
443 2908 495 2943 Cf.
516 2908 686 2952 BeurHer,
713 2909 768 2944 De
794 2909 865 2943 div.
884 2909 964 2944 hon.
990 2920 1025 2953 p.
1045 2912 1098 2943 87.
