1992 3261
1600 247 1681 285 305

188 361 395 410 Aegyptiis
429 361 576 399 tabulis
610 361 848 410 nuptialibus
885 360 1037 398 obviam
1076 360 1240 398 coniecit
1271 361 1423 399 Ulricus
1454 360 1636 399 Wilcken
1653 360 1682 410 ¹)

188 441 271 467 cam
301 429 557 478 probabiliter
586 430 859 478 interpretatus
894 440 1048 477 „coram
1079 429 1182 466 Iulia
1212 429 1431 477 Augusta“,

302 577 497 626 Persaepe
552 577 816 626 imperatrices
871 578 1086 624 aequantur
1136 575 1282 613 deabus
1332 575 1541 625 frugiferis,
1597 589 1682 614 cum

190 644 325 683 eodem
363 645 476 683 modo
514 648 630 694 atque
666 646 760 682 illae
791 644 887 682 (icae
919 645 1038 682 saluti
1068 644 1263 682 hominum
1294 645 1543 693 prospiciant.
1602 646 1683 682 Iam

188 712 375 751 Antiochi
405 713 477 751 VII
517 726 613 751 uxor
649 713 860 762 Cleopatra
896 716 1056 750 vocatur
1091 708 1178 751 θεὰ
1214 704 1438 765 εῖῖετηρίας
1480 713 1559 751 Cat.
1592 714 1683 751 Brit.

189 782 286 819 Mus.
330 781 509 820 Seleucid
554 782 679 830 Kings
723 794 759 830 p.
797 781 849 818 85
896 781 1108 830 Cleopatra
1153 793 1208 818 nr.
1244 782 1263 817 1
1306 799 1359 811 ==
1399 781 1543 819 Head2
1585 781 1681 819 646:

189 846 448 900 Βασιλίσσης
479 844 766 901 Κλεοπάτρας
797 848 905 895 θεᾶς
936 845 1176 902 εὐετηρίας.
1228 849 1502 897 Intellegenda
1532 849 1684 887 videtur

190 917 360 965 Ceresfl)
420 917 475 956 Cf.
505 917 560 956 IG
590 918 665 955 XII
687 917 722 965 2,
745 917 825 954 262
858 917 991 966 (supra
1021 929 1057 966 p.
1080 917 1188 965 300).

303 997 474 1034 Titulum
505 996 850 1045 Aphrodisiensem

248 1097 320 1128 111'.
343 1084 395 1127 57
428 1106 481 1118 =
513 1087 598 1126 CIG
630 1087 759 1125 2815:

428 1211 435 1218 .
461 1211 468 1218 .
503 1173 816 1231 ἱερατεύσασαυ
850 1178 958 1226 θεᾶς
990 1174 1167 1226 Ἰουλίας
1199 1176 1298 1226 νέας
1329 1175 1558 1233 Δήμητρος

190 1270 239 1308 A.
259 1269 419 1307 Boeckh
455 1270 567 1306 nulla
604 1280 720 1307 causa
756 1270 877 1307 allata
907 1269 1026 1307 refert
1056 1269 1105 1307 ad
1136 1270 1275 1307 Iuliam
1306 1271 1512 1317 Domnam,
1553 1282 1686 1319 quam-

192 1349 306 1385 quam
346 1347 486 1375 nomen
522 1337 645 1374 Iuliae
687 1337 740 1374 sic
779 1336 882 1374 nude
919 1337 1084 1385 positum
1120 1337 1247 1386 potius
1283 1337 1433 1374 Liviam
1469 1337 1686 1386 significare

191 1405 355 1443 videtur.
414 1405 562 1443 Eadem
592 1405 632 1442 in
664 1405 788 1444 Gaulo
820 1417 972 1454 quoque
1004 1406 1132 1443 insula
1162 1405 1270 1443 audit
1300 1406 1482 1455 Cerest3)

249 1507 323 1537 nr.
346 1494 400 1536 58
431 1515 485 1528 =
517 1496 599 1535 CIL
629 1497 664 1534 X
688 1497 792 1534 7501
828 1516 881 1528 =
912 1498 1063 1535 Dessau
1087 1497 1182 1534 121:

397 1587 525 1626 Cereri
549 1588 680 1626 Iuliae
705 1586 914 1636 Auyustae
940 1588 1037 1626 Diva·
1061 1586 1237 1637 Auyustc‘
1260 1590 1381 1626 matri
1408 1589 1464 1627 Τι’.
1507 1587 1688 1628 Caesaris

394 1654 570 1705 Auyusti
597 1656 767 1694 Lutatia
797 1686 804 1694 .
827 1686 834 1694 .
858 1686 865 1694 .
899 1658 1153 1694 consum-avet.

193 1747 259 1786 Ad
289 1747 456 1796 speeiem
488 1747 639 1786 Cereris
668 1747 783 1784 Livia
812 1747 902 1785 ficta
932 1750 990 1785 est
1019 1748 1058 1784 in
1088 1759 1242 1786 nummo
1273 1749 1531 1797 Pergameno:

253 1848 325 1878 nr.
348 1835 403 1878 59
433 1857 486 1869 =
519 1838 599 1877 Cat.
631 1839 723 1876 Brit.
754 1839 849 1876 Mus.
881 1839 1005 1886 Mysia
1034 1851 1070 1888 p.
1096 1838 1174 1876 140
1205 1851 1262 1877 nr.
1289 1840 1378 1877 150.

307 1927 408 1964 Iulia
438 1928 477 1964 in
508 1927 666 1976 gemmis
696 1928 735 1964 in
765 1927 897 1965 habitu
929 1928 1078 1966 Cereris
1109 1931 1291 1977 apparet:

251 2028 324 2058 nr.
347 2015 403 2058 60
432 2036 486 2049 =
517 2019 702 2066 Babelon,
734 2018 948 2067 Gatalogue
979 2020 1054 2058 tab.
1076 2020 1185 2057 XXV
1217 2020 1296 2057 242
1315 2032 1396 2068 sqq.

307 2109 528 2158 Agrippina
576 2110 697 2147 maior
745 2109 794 2147 ad
845 2111 1013 2159 speciem
1060 2111 1210 2149 Cereris
1254 2110 1409 2160 fingitur
1451 2112 1489 2148 in
1534 2123 1688 2149 nummo

195 2176 495 2226 Philadelphiae
508 2192 515 2214 :
1564 2174 1569 2180 ‘

252 2277 324 2307 nr.
347 2264 399 2307 61
432 2286 485 2298 --
516 2267 702 2314 Imh.-Bl.,
732 2267 830 2315 Lyd.
861 2267 913 2306 St.
943 2280 980 2317 p.
1006 2269 1082 2305 119
1115 2281 1170 2306 nr.
1193 2269 1257 2307 21.

308 2359 433 2396 Multo
464 2359 616 2407 saepius
647 2358 770 2396 minor
796 2359 1018 2408 Agrippina
1047 2360 1087 2396 in
1117 2359 1249 2397 habitu
1277 2360 1427 2398 Cereris
1454 2360 1688 2408 conspicitur

196 2427 234 2464 in
265 2427 428 2464 nummis
459 2427 640 2464 Anincti:

256 2527 326 2556 nr.
349 2515 402 2557 62
436 2535 489 2547 =
519 2516 706 2563 Imh.-Bl.‚
737 2516 834 2564 Lyd.
865 2517 918 2555 St.
948 2529 984 2566 p.
1008 2518 1071 2554 23.

311 2660 339 2702 1)
364 2659 569 2694 Zeitsehrift
593 2660 657 2694 der
681 2659 1000 2705 Savignystiftung
1024 2660 1127 2695 XXX
1155 2664 1240 2695 1909
1265 2662 1368 2696 Rom.
1395 2659 1480 2694 Abi.
1507 2671 1539 2704 p.
1560 2664 1634 2694 504.

311 2717 339 2759 ²)
366 2715 419 2751 Cf.
444 2716 572 2751 Wascr
595 2716 709 2750 P.-W.
735 2716 785 2751 IV
804 2719 868 2750 982
882 2727 935 2760 sq.

312 2774 340 2816 ³)
365 2773 446 2807 Non
471 2773 697 2808 adhibendus
722 2777 779 2807 est
801 2784 964 2808 nummus
986 2774 1133 2818 ignotae
1151 2774 1299 2818 originis
1316 2773 1476 2807 Mionnet
1493 2773 1543 2809 VI
1569 2784 1603 2817 p.
1623 2776 1682 2807 (571

199 2839 249 2862 nr.
267 2832 329 2862 402
357 2822 491 2863 Ἰουλία
514 2826 693 2874 Σεῐνθαστιί
719 2850 754 2852 -
778 2826 1044 2874 Καρπωψὶρως,
1071 2842 1149 2864 cum
1170 2831 1269 2864 Livia
1296 2835 1331 2864 ct
1349 2830 1457 2864 Ceres
1483 2830 1515 2863 iu
1535 2829 1688 2864 divorsis

199 2885 333 2919 nummi
357 2886 520 2930 partibus
546 2890 744 2920 cernantur.
