1992 3261
1581 227 1661 264 283

170 339 243 380 καὶ
265 335 349 393 τήν
371 338 718 392 καταδεεστέραν
735 337 888 394 χώραν
909 339 1221 393 κεκληρῶσθαι
1242 335 1322 394 τὴν
1345 331 1414 379 ἐπ’
1432 331 1661 392 εὐώνυμα·

166 407 293 462 χοροί
314 423 361 449 τε
377 405 513 456 εὐθὺς
531 405 786 463 εἱστήκεσαν
804 405 1217 461 συγκεκροτημένοι,
1239 407 1430 455 παιᾶνας
1447 405 1506 454 εἰς
1524 401 1665 447 αὐτὸν

171 472 354 533 ᾄδοντες
400 474 441 516 οἱ
486 472 574 529 πρὸ
609 476 782 552 μικροῦ
827 471 1005 528 Βάκχον
1051 473 1123 514 καὶ
1165 467 1337 527 Εὖήϊον
1381 473 1454 514 καὶ
1496 476 1666 516 Λυαῖον

170 537 466 597 ὀνομάζοντες
497 543 570 584 καὶ
601 537 756 597 ὕμνοις
787 543 1080 597 γεραίροντες,
1111 539 1241 598 ἡνίκα
1264 536 1347 596 τὴν
1369 539 1666 596 Διονυσιακὴν

169 605 444 663 ἄνελάιιβανε
484 609 665 668 σκευήν
712 606 929 660 πολλάκις
970 609 1017 651 δὲ
1055 609 1129 650 καὶ
1171 606 1358 663 θώρακα
1400 607 1665 663 ἐνδυόμενος

170 676 353 735 ξιφήρης
369 674 486 733 προῖξ
491 695 524 720 ει
541 694 650 731 μετα
663 676 773 733 κράι
777 694 854 728 ους
868 678 941 719 καὶ
955 677 1141 727 ασπίδος
1151 673 1271 733 Ἄρης
1287 672 1665 730 ἀνακαλούμενος,

171 746 244 787 καὶ
270 746 375 800 παρ
401 744 586 801 εκάτερα
614 744 655 787 οἱ
679 741 835 800 Ἀρεως
861 747 943 787 *coz*-
971 746 1130 786 καινοῦ
1157 745 1230 786 καὶ
1259 744 1363 786 νέου
1390 745 1665 799 θεραπευταὶ

170 812 395 868 συμπροῄε
400 826 494 865 σαν,
541 809 839 894 ανδροφόνων
884 813 957 854 καὶ
1004 813 1287 868 δημοκοίνων
1332 812 1508 862 θίασος,
1553 811 1665 868 ὑπη-

170 893 357 937 ρετησαι
361 898 430 932 τες
446 879 584 931 κακὰς
600 875 839 937 υπηρεσίας
857 896 945 934 φοι
950 882 1058 922 ὥντι
1075 881 1147 922 καὶ
1167 881 1357 935 διψῶντι
1375 896 1428 922 αι
1432 881 1666 935 θρωπείου

170 949 365 1004 αι’ματος
435 952 682 1002 Quantopere
727 964 860 990 omnes
904 952 978 990 hae
1024 952 1276 1001 aequationes
1318 951 1469 990 ratione
1509 954 1668 990 careant

170 1021 236 1057 vel
275 1021 364 1059 inde
405 1023 585 1070 apparet,
631 1020 735 1070 quod
775 1032 852 1058 non
893 1019 1007 1058 modo
1048 1019 1131 1058 deis
1176 1019 1245 1057 sed
1284 1020 1400 1057 etiam
1440 1019 1587 1057 deabus
1627 1031 1668 1057 se

170 1089 353 1137 aequavit
375 1089 568 1137 Caligula.
619 1089 659 1127 Si
680 1100 765 1127 cum
788 1101 832 1127 eo
856 1088 1087 1126 conferimus
1108 1088 1315 1137 Neronem,
1340 1087 1453 1125 huius
1473 1088 1667 1126 temeritas

170 1168 248 1194 non
279 1159 388 1194 tanta
417 1156 581 1204 videtur,
619 1168 704 1194 cum
734 1169 812 1194 non
842 1157 915 1194 nisi
946 1157 1059 1194 certis
1091 1155 1138 1193 de
1169 1156 1294 1194 causis
1325 1155 1482 1194 deorum
1513 1156 1670 1193 nomina

172 1224 246 1262 sibi
276 1224 468 1272 indiderit,
501 1225 602 1263 Suet.
623 1226 740 1263 Nero.
764 1226 836 1262 53:
868 1225 1150 1263 Destinaverat
1170 1225 1298 1270 etiam,
1330 1226 1423 1271 qma
1442 1222 1669 1272 Apollinem

173 1295 295 1330 cantu
340 1292 471 1330 Solem
521 1294 742 1341 aure'yamlo
794 1294 1045 1340 aequiperare
1095 1293 1389 1337 ewistimaretm,
1438 1293 1588 1330 imitari
1637 1295 1673 1330 et

170 1361 356 1399 Herculis
395 1362 530 1409 factem
562 1364 926 1410 ‚praeparatumque
967 1362 1113 1399 leonem
1154 1362 1283 1406 αιίιιιτ,
1325 1373 1436 1408 quem
1465 1361 1526 1398 vel
1557 1361 1670 1398 clava

170 1430 231 1467 vel
263 1430 529 1468 bracchiorum
558 1431 720 1469 nexibus
750 1432 791 1468 in
822 1430 1101 1478 amphitheatra*
1125 1430 1275 1468 harena
1297 1432 1496 1478 spectante
1516 1430 1669 1478 populo

172 1498 305 1536 nudus
337 1499 503 1537 elideret.

284 1578 475 1616 Hercules
506 1579 579 1616 sibi
606 1579 710 1616 visus
741 1581 799 1616 est
829 1579 942 1616 etiam
964 1579 1230 1624 Domitianus;
1260 1591 1349 1616 nam
1371 1581 1469 1617 teste
1489 1579 1668 1616 Martiale

172 1645 243 1693 (XI
259 1645 323 1683 64.
342 1646 406 1683 65.
428 1645 525 1696 101)
551 1646 655 1684 illius
678 1645 741 1684 dei
761 1646 1022 1694 simulacrum,
1050 1646 1153 1695 quod
1173 1647 1339 1695 positum
1361 1649 1444 1684 erat
1464 1647 1504 1683 in
1524 1647 1669 1695 templo

171 1715 263 1751 tunc
294 1713 344 1751 ad
374 1714 475 1751 viam
497 1715 667 1763 Appiam
699 1716 906 1763 exstructo,
937 1715 1087 1752 vultum
1116 1713 1286 1752 habebat
1311 1714 1535 1763 Domitiani,
1565 1714 1670 1763 quod

173 1781 267 1829 quin
297 1781 441 1820 factum
472 1782 522 1820 sit
551 1782 784 1831 imperatore
815 1785 972 1821 auctore
1003 1783 1069 1820 vix
1099 1784 1158 1820 est
1189 1782 1356 1820 dubium.

287 1859 518 1898 Commodus
559 1873 711 1910 quoque
753 1863 793 1899 ut
828 1862 1009 1900 Herculis
1047 1863 1192 1900 cultum
1228 1861 1335 1909 fovit,
1349 1863 1376 1911 1)
1415 1862 1469 1900 ita
1504 1862 1588 1911 ipse
1629 1873 1670 1900 se

174 1927 386 1966 Herculem
408 1929 622 1966 Romanum
648 1930 918 1979 appellavit2),
949 1931 1055 1968 cuius
1077 1931 1133 1969 rei
1153 1933 1272 1968 testes
1292 1932 1380 1968 sunt
1410 1941 1494 1968 cum
1517 1931 1671 1969 Cassius

174 1995 249 2033 Dio
290 1996 357 2043 qui
398 1995 491 2034 dicit
530 1996 692 2046 (LXXII
716 1997 778 2044 15,
801 1998 840 2046 2)
881 1993 1025 2050 ἑαυτῷ
1066 1995 1113 2037 δὲ
1150 1991 1288 2045 ἄλλοις
1322 2011 1370 2037 τε
1405 1991 1671 2049 παμπόλλας

174 2059 429 2115 ἐπωνυμίας
455 2062 529 2103 καὶ
556 2059 639 2117 τήν
656 2055 918 2117 Ἡρακλέους
945 2057 1168 2117 ἀπήνεγκε
1190 2068 1227 2103 et
1246 2065 1493 2103 Herodianus
1514 2066 1548 2114 (I
1568 2066 1628 2115 14,
1647 2067 1669 2102 7

170 2121 386 2184 ζΗρακλέα
421 2145 468 2172 τε
511 2130 583 2171 καὶ
616 2128 717 2179 Διὸς
757 2128 858 2172 υἱὸν
894 2124 1033 2173 αὑτὸν
1063 2130 1270 2181 κελεύσας
1300 2134 1551 2182 καλεῖσθαι)
1590 2137 1670 2171 tum

174 2200 267 2247 vita,
297 2211 396 2248 quae
427 2200 468 2236 in
498 2200 599 2238 libro
630 2202 858 2250 scriptorum
879 2201 1063 2240 historiae
1083 2202 1281 2251 Augustae
1302 2202 1465 2240 traditur
1495 2203 1546 2251 (8,
1565 2202 1599 2240 5.
1619 2203 1670 2250 9).

176 2266 297 2313 Quam
336 2268 401 2316 qui
438 2269 591 2317 scripsit
627 2270 868 2318 excerpsisse
904 2281 951 2307 ea
986 2282 1085 2319 quae
1115 2270 1233 2308 tradit
1263 2282 1312 2308 ex
1340 2271 1440 2308 libro
1472 2270 1672 2309 Commodi

174 2335 295 2383 ipsius
326 2336 565 2384 temporibus
596 2337 816 2385 conscripto
847 2345 974 2386 neque
1000 2350 1093 2376 vero
1122 2351 1145 2375 a
1166 2338 1298 2377 Cassio
1320 2339 1445 2376 Dione
1475 2338 1671 2387 pendente

175 2403 305 2441 multis
346 2404 574 2441 testimoniis
615 2404 748 2441 allatis
778 2405 959 2453 probavit
988 2406 1017 2443 I.
1038 2407 1086 2443 M.
1108 2405 1263 2455 Hee1·.3)
1323 2406 1554 2445 Commodus
1585 2417 1670 2443 cum

175 2482 252 2508 non
294 2472 384 2509 satis
423 2471 585 2509 haberet
621 2472 815 2520 appellari
845 2471 1074 2521 Herculem,
1114 2476 1155 2511 ut
1185 2485 1268 2512 esse
1300 2485 1453 2523 quoque
1483 2486 1524 2511 se
1555 2475 1670 2511 illum

176 2539 289 2577 deum
331 2539 629 2588 demonstraret,
670 2552 748 2577 non
788 2541 901 2579 modo
943 2541 991 2579 ad
1029 2543 1111 2580 eius
1149 2542 1317 2591 speciem
1358 2554 1398 2580 se
1428 2541 1521 2591 fingi
1550 2543 1671 2589 iussit,

177 2606 244 2645 sed
276 2607 393 2645 etiam
423 2607 565 2646 stolido
597 2607 764 2656 quodam
797 2612 834 2646 et
862 2609 1012 2647 crudeli
1039 2610 1151 2648 modo
1174 2611 1352 2649 Herculis
1379 2610 1483 2648 facta
1503 2611 1671 2648 imitatus

291 2750 319 2794 ¹)
343 2749 397 2785 Cf.
414 2750 441 2785 I.
459 2752 504 2786 M.
523 2751 629 2796 Heer,
654 2751 868 2796 Philologus
892 2752 1016 2798 Suppl.
1035 2754 1087 2788 IX
1111 2765 1144 2798 p.
1164 2758 1216 2789 54.
1242 2758 1296 2789 94.

289 2807 317 2850 ²)
343 2806 394 2842 Cf.
415 2807 456 2842 R.
474 2807 582 2842 Peter
605 2808 703 2852 apud
727 2809 951 2844 Roschcruu]
978 2810 1094 2845 12987
1109 2821 1162 2854 sq.

292 2863 321 2907 8)
346 2862 368 2897 l.
387 2873 416 2897 c.
439 2874 475 2907 p.
498 2866 557 2898 130
572 2874 652 2908 sqq.

1400 2935 1461 2968 19*
