1992 3261
1583 240 1662 278 321

171 360 398 408 apparatum
457 359 586 407 regiae
637 356 945 406 magnificentiae
996 356 1271 405 comparabant
1324 367 1408 392 cum
1458 353 1664 404 splendore

172 427 298 464 cultus
339 425 400 464 dei
438 429 475 464 et
510 428 657 464 tantum
689 437 730 463 se
761 424 864 474 apud
895 424 1068 462 homines
1099 424 1231 461 valere
1262 423 1450 472 putabant
1480 424 1664 471 quantum

170 495 291 532 illum.
342 493 453 539 Quod
482 497 666 542 quantum
693 493 858 531 valuerit
883 493 923 529 in
949 493 1190 540 aequatione,
1217 494 1380 540 apparet
1401 503 1447 529 ex
1470 490 1664 529 Ciceronis

170 563 258 600 loco
295 561 408 600 modo
439 562 597 599 laudato
633 559 719 612 (pro
750 561 894 598 Flacco
927 560 1006 608 60)Ἱ
1047 570 1122 607 quo
1153 558 1407 596 Mithradates
1444 559 1665 607 appellatur

170 629 357 677 Bacchus,
388 632 429 667 ut
459 629 749 676 demonstretur,
780 631 924 677 quanta
949 627 1063 665 fuerit
1089 628 1169 666 eius
1195 628 1378 676 potentia.
1428 626 1663 664 Demetrium

169 698 429 736 Polior-cetam
474 697 708 736 Plutarchus
753 708 838 735 cum
878 695 1035 734 Baccho
1082 697 1280 744 comparat
1325 695 1361 732 in
1408 693 1664 732 describenda

171 767 251 804 eius
286 768 440 813 natura,
480 765 582 803 unde
615 765 675 803 dei
707 777 860 814 quoque
889 767 1030 802 natura
1058 764 1321 812 intellegitur:
1363 763 1467 800 Plut.
1498 763 1608 800 Dcm.
1639 763 1662 799 2

171 825 346 886 ἥδιστος
378 829 458 910 γὰρ
491 826 554 872 ὢν
586 830 891 885 ovyyeve'oz‘iffccc
922 825 1151 884 σχολιιςωυ
1181 844 1227 870 τε
1258 829 1358 883 περὶ
1389 825 1558 876 πότους
1589 828 1663 868 καὶ

169 895 338 952 τρυφὰς
382 898 455 938 καὶ
502 898 670 947 διαίτας
718 895 1049 951 ἁ3ροβιο5τατος
1094 896 1324 947 βασιλέων,
1369 892 1663 950 ἐιεργότατου

170 968 225 1007 αὐ
267 963 406 1007 mian
446 966 519 1006 καὶ
560 961 873 1020 σφοδρότατον
912 962 963 1006 τὸ
994 965 1094 1019 περὶ
1125 961 1202 1013 τὰς
1233 962 1411 1018 πράξεις
1443 961 1541 1004 ἕνδε
1525 963 1664 1016 ολεχὲς

168 1029 252 1087 εἶχε
288 1033 362 1075 καὶ
404 1031 688 1089 δραστήριον
728 1032 751 1087 t}
788 1033 858 1073 καὶ
897 1029 1082 1086 μάλιστα
1114 1034 1208 1073 τῶν
1240 1033 1365 1073 θεῶν
1395 1028 1553 1088 ἑζηλου
1583 1028 1666 1072 τὸν

170 1100 401 1152 Διόνυσον,
444 1100 502 1150 ὡς
541 1101 725 1156 πολέμι)
766 1116 811 1142 τε
849 1103 1040 1156 χρῆσθαι
1082 1098 1356 1150 δεινότατοι,
1400 1096 1578 1154 εἰρήνην
1617 1114 1664 1140 τε

170 1160 302 1220 αὖθις
360 1168 408 1211 ἐκ
465 1170 665 1223 πολέμου
714 1169 873 1224 τρέψαι
922 1166 1035 1223 πρὸς
1085 1162 1367 1223 εὐφροσύνη-υ
1416 1167 1489 1209 καὶ
1539 1165 1666 1221 χάριν

168 1237 501 1292 ἐμμελέστατον.
576 1240 769 1288 Aequatio
819 1242 1026 1288 propterea
1074 1250 1151 1276 non
1202 1242 1284 1277 erat
1328 1237 1511 1285 difficilis,
1561 1237 1665 1286 quod

168 1308 345 1346 Bacchus
374 1320 452 1345 non
483 1310 566 1345 erat
597 1307 690 1346 deus
721 1310 917 1354 aeternus,
949 1307 1017 1345 sed
1046 1307 1146 1344 inter
1177 1306 1366 1345 semideos
1396 1306 1622 1345 habebatur.
1634 1306 1664 1351 ¹)

168 1376 262 1415 Cum
294 1379 394 1414 esset
424 1377 586 1424 iuvenis,
617 1376 810 1414 Antinous
841 1377 876 1414 ei
907 1378 1093 1425 aequatus
1125 1378 1192 1413 est.

282 1445 376 1483 Alia
406 1444 453 1482 de
485 1456 602 1483 causa
631 1445 812 1482 nonnulli
842 1445 1094 1494 imperatores
1116 1443 1260 1482 Bacchi
1290 1442 1443 1482 nomine
1473 1444 1665 1493 appellati

169 1515 257 1550 sunt
288 1513 336 1551 ab
368 1511 576 1550 artificibus
598 1512 854 1560 Dionysiacis‚
886 1524 1046 1561 quorum
1070 1513 1250 1561 collegia,
1281 1523 1380 1560 quae
1401 1512 1603 1560 permultis
1624 1512 1664 1548 in

170 1580 322 1630 oppidis
363 1584 586 1628 occurrunt,
623 1581 792 1618 Traiano
824 1581 1038 1630 imperante
1070 1581 1170 1617 inter
1200 1592 1239 1618 se
1271 1580 1476 1618 coniuncta
1508 1582 1596 1617 sunt
1624 1580 1664 1617 in

168 1661 284 1686 unam
300 1642 422 1701 ἱερὰν
441 1645 649 1695 σύνοδον,
666 1661 766 1697 quae
781 1649 946 1686 maxime
963 1649 1086 1697 viguit
1101 1649 1301 1686 Antonino
1318 1649 1386 1685 Pio
1403 1648 1664 1697 imperante.‘2)

168 1717 250 1754 Iam
290 1728 339 1754 ex
377 1717 532 1754 nomine
573 1717 732 1766 collegii
768 1713 810 1756 οἱ
847 1714 948 1769 περὶ
984 1712 1203 1757 Διόνυσον
1233 1714 1307 1755 καὶ
1338 1708 1662 1769 Αὐτοκράτορος

167 1790 382 1836 τεχυεῖται
420 1785 690 1834 imperatorem
730 1788 934 1834 patronum
975 1785 1132 1834 collegii
1173 1796 1256 1823 esse
1293 1787 1331 1822 ct
1360 1783 1506 1822 Bacchi
1534 1785 1663 1822 locum

168 1857 300 1890 tenere
341 1855 519 1901 apparet,
561 1865 793 1902 quamquam
834 1865 911 1891 non
952 1853 1126 1890 omnibus
1166 1853 1206 1890 in
1245 1853 1366 1891 titulis
1402 1864 1542 1890 nomen
1573 1853 1664 1890 novi

169 1918 312 1958 Bacchi
343 1920 378 1957 ei
407 1919 561 1957 inditur.
621 1920 860 1958 Testimonia
891 1923 980 1958 sunt
1008 1919 1125 1958 haec:

281 1999 494 2037 Traianus:

227 2099 297 2129 nr.
323 2086 404 2129 108
425 2108 478 2121 --
500 2090 553 2129 IG
580 2090 670 2127 XIV
688 2091 796 2128 2496
821 2109 872 2121 ==
894 2090 984 2129 IGR
1010 2092 1028 2128 I
1052 2091 1103 2128 18
1432 2091 1663 2129 Nemausus:

375 2175 595 2233 [ψήφισμα
642 2180 718 2232 τῆς
763 2177 881 2234 ἱερᾶς
921 2181 1180 2235 θυ]μελικῆς
1222 2178 1269 2221 ἐν
1310 2177 1530 2234 Νεμαύσφ
1571 2181 1662 2220 τῶν

374 2244 656 2301 ἀ[γωνιστῶυ
696 2247 788 2288 τῶν
827 2247 930 2301 περὶ
971 2245 1051 2290 τὸν
1082 2245 1410 2303 Αὐτοκράτορα
1441 2249 1663 2303 Νέρ]ουαι’

380 2312 595 2368 Τραϊανὸν
628 2315 825 2369 Καίσαρα
858 2312 1089 2367 Σεβαστὸν
1122 2314 1335 2368 [συνόδου
1359 2349 1366 2357 ,
1393 2350 1400 2357 .
1426 2349 1433 2358 .

284 2438 308 2480 ¹)
336 2436 388 2472 Cf.
415 2438 458 2472 A.
478 2437 580 2473 Elter
605 2438 626 2472 l.
645 2450 673 2472 c.
699 2439 825 2482 (supra
848 2450 883 2483 p.
903 2440 995 2482 230).

281 2495 309 2537 2)
343 2493 381 2528 F.
408 2493 564 2538 Poland,
604 2494 673 2529 Zur
708 2494 929 2530 Geschichte
968 2495 1034 2530 des
1071 2496 1319 2541 griechischen
1357 2496 1663 2540 Vereinswesens,

168 2550 318 2595 Leipzig
345 2553 429 2585 1909
454 2562 489 2595 p.
511 2553 573 2586 129
587 2561 667 2595 sqq.
708 2550 808 2586 Iusto
834 2555 953 2586 autem
969 2551 1113 2597 longius
1129 2553 1364 2597 progreditur
1380 2553 1519 2587 Poland
1537 2563 1662 2587 omnes

169 2616 232 2641 eos
256 2606 368 2651 locos,
394 2607 524 2651 quibus
550 2607 743 2651 imperator
767 2607 887 2652 aliqua
910 2608 1049 2644 ratione
1074 2619 1155 2644 cum
1180 2609 1324 2645 Baccho
1351 2610 1592 2653 coniungitur,
1617 2609 1662 2644 ad

168 2662 323 2698 artifices
346 2674 535 2699 revocans.
584 2663 677 2698 Male
702 2664 772 2698 huc
797 2664 936 2699 rettulit
960 2665 1103 2700 titulum
1127 2666 1451 2710 Aphrodisiensem
1475 2665 1556 2701 CIG
1574 2668 1661 2700 2739

176 2715 351 2765 Τιβέριον
387 2715 575 2756 Ιιλαὺδιον
609 2720 781 2764 Καίσαρα
816 2718 1020 2766 Σεβαστὸν
1053 2719 1295 2767 Γεοιιανικιῖν
1328 2716 1605 2770 4ι’τοκρα’τορα
1638 2736 1658 2754 n

170 2776 287 2818 δῆμος
325 2777 390 2810 καὶ
425 2774 643 2822 Μένανδρος
675 2774 874 2821 AmJe'vovg
906 2781 975 2812 τοῦ
1011 2773 1185 2822 Ζηνωυος
1218 2774 1414 2824 ιῖρχιερξυς
1446 2773 1565 2813 αὐτοῦ
1597 2777 1662 2812 καὶ

169 2828 365 2867 Διονύσου.
419 2833 582 2868 Bacchus
615 2833 881 2878 Aphrodisiade
912 2833 1098 2870 colebatur
1133 2835 1196 2879 (cf.
1230 2835 1311 2871 CIG
1345 2838 1443 2870 2784.
1477 2835 1592 2879 2818),
1626 2838 1662 2870 et

169 2887 340 2923 sacerdos
366 2888 443 2924 eius
468 2899 537 2925 uno
563 2893 723 2935 tempore
749 2892 823 2925 crat
847 2890 1018 2926 sacerdos
1042 2890 1213 2936 Augusti.
