1992 3261
253 267 336 305 280

367 381 492 429 Saepe
522 380 773 430 imperatores
804 392 889 418 cum
920 379 1097 418 semideis
1128 380 1194 428 qui
1225 378 1403 417 dicuntur
1415 380 1443 428 1)
1474 381 1747 429 comparantur

251 448 410 494 Quirino
432 447 588 486 Baccho
611 449 780 486 Hercule
802 448 1000 486 Dioscuris
1026 460 1103 486 non
1127 451 1205 485 tam
1227 459 1272 485 eo
1295 447 1409 486 modo
1430 450 1472 485 ut
1493 448 1746 497 appellentur

251 518 404 555 nomine
425 518 537 555 unius
558 516 631 565 dei,
653 529 768 566 quam
789 518 842 554 ita
862 519 903 554 ut
923 517 963 554 in
983 528 1183 554 numerum
1206 528 1337 554 eorum
1358 516 1604 566 recipiantur,
1630 527 1744 565 quem

252 585 302 622 ad
333 584 488 623 modum
518 585 700 624 Horatius
732 586 949 634 Augustum
978 585 1080 623 inter
1111 596 1177 622 eos
1207 584 1357 622 inserit:

308 688 340 714 c.
367 676 425 714 111
446 676 482 724 3,
500 676 523 713 9
541 688 642 725 sqq.:

455 756 530 794 hac
560 758 643 793 arte
673 756 818 794 Polluoe
849 759 886 794 et
912 768 1036 804 vayus
1066 755 1257 794 Hercules

456 825 586 862 enisus
617 835 725 862 arces
756 825 890 872 attiyit
917 825 1065 872 iyneas,

524 904 620 939 quos
650 893 752 930 inter
780 890 988 941 Augustus
1016 892 1240 930 recumbens

584 972 784 1008 puwureo
817 961 918 998 bibet
947 971 1011 998 ore
1039 963 1184 1005 nectar,

456 1029 530 1066 hac
563 1031 596 1066 te
624 1031 843 1074 merentem,
874 1028 1030 1066 Bacche
1051 1031 1180 1077 pater,
1214 1031 1304 1066 tucoe

453 1107 585 1134 vexere
618 1098 733 1144 tiyres
763 1097 926 1134 indocili
953 1098 1087 1145 iugum

523 1165 621 1203 eollo
656 1165 863 1211 trahentes,
895 1166 968 1203 hac
1000 1165 1187 1214 Quirinus

591 1234 739 1273 Martis
771 1235 877 1281 equis
907 1233 1134 1272 Acheronta
1164 1234 1279 1282 fugiit.

251 1327 448 1375 Vergilius
481 1325 644 1363 eundem
675 1338 761 1364 cum
787 1326 957 1363 Hercule
986 1328 1024 1363 et
1050 1325 1205 1364 Baccho
1233 1328 1431 1375 comparat
1457 1326 1496 1362 in
1521 1325 1744 1363 laudatione

252 1406 366 1442 quam
397 1393 558 1431 inseruit
587 1396 696 1431 sexto
727 1393 829 1431 libro
861 1392 1066 1432 Aeneidis:

308 1485 423 1534 Verg.
445 1485 546 1522 Aen.
569 1485 621 1522 VI
644 1485 724 1522 798
741 1496 842 1533 sqq.:

456 1564 571 1602 huius
601 1566 643 1601 in
674 1564 883 1602 adventum
912 1565 993 1601 iam
1022 1576 1127 1601 nunc
1158 1566 1196 1601 et
1226 1562 1371 1612 Caspia
1399 1574 1522 1611 regma

455 1634 650 1680 responsis
682 1633 841 1670 horrent
870 1633 1006 1677 clicone,
1039 1635 1076 1669 et
1103 1632 1283 1669 DIaeotia
1317 1632 1431 1669 tellus

456 1703 493 1738 et
521 1701 810 1748 septemgyemini
842 1701 1001 1738 turbant
1031 1701 1181 1748 trepida
1212 1701 1312 1738 ostia
1343 1700 1439 1737 Nili.

453 1769 537 1806 Nec
566 1780 653 1806 cero
683 1768 846 1808 Alcides
880 1772 1030 1806 tantum
1064 1769 1211 1806 telluris
1244 1769 1370 1813 obicit,

454 1837 581 1883 fioeerit
612 1837 828 1884 cceiffiecleiii
859 1848 1009 1874 cervam
1042 1837 1137 1882 licet,
1170 1839 1242 1874 aut
1269 1836 1510 1885 Erymanthi

447 1906 611 1953 pacarit
637 1916 798 1943 nemora
829 1907 867 1942 et
893 1904 1067 1942 Lernam
1101 1905 1353 1953 tremefecerit
1382 1916 1487 1950 areu,

454 1984 524 2011 nec
555 1974 621 2020 qui
643 1974 869 2021 pampineis
898 1974 1020 2011 vietor
1048 1974 1142 2021 iuya
1171 1974 1291 2019 flectit
1320 1973 1491 2018 habenis,

455 2041 574 2079 Liber
604 2053 724 2090 ayens
756 2042 854 2080 celso
885 2041 1021 2089 Nysae
1052 2042 1097 2079 cle
1125 2043 1263 2079 vertice
1296 2042 1415 2090 tiyris.

252 2133 346 2172 Cum
395 2134 519 2170 Marte
569 2133 730 2171 Polluce
780 2132 934 2171 Baccho
985 2133 1155 2171 Hercule
1206 2133 1448 2171 Domitianus
1501 2134 1743 2181 comparatur

250 2201 324 2239 hoc
355 2202 460 2239 loco:

307 2292 401 2330 Stat.
428 2293 515 2330 silv.
541 2292 594 2329 IV
616 2292 652 2339 2,
669 2292 721 2329 46
740 2303 837 2340 sqq.:

454 2384 534 2410 non
566 2372 682 2410 aliter
709 2372 842 2420 yelida
871 2371 1079 2419 Rhodopes
1109 2373 1151 2409 in
1179 2372 1283 2410 valle
1312 2371 1499 2410 recumbit

457 2441 627 2479 dimissis
661 2440 858 2478 Gradivus
891 2443 1007 2487 cquis,
1039 2442 1094 2479 sic
1126 2441 1273 2478 lubrica
1294 2441 1413 2489 ponit

454 2510 624 2547 membra
658 2509 915 2557 Therapnaea
945 2510 1139 2548 resolutus
1168 2510 1362 2558 yymnacle
1391 2509 1544 2553 Pollux,

454 2580 510 2616 sic
539 2579 642 2615 iacet
672 2578 725 2615 acl
756 2577 923 2625 Ganyen
953 2578 1068 2616 Indis
1099 2578 1343 2615 ululantibus
1372 2576 1531 2621 Euhan,

454 2647 510 2685 sic
539 2647 671 2694 qravis
700 2644 862 2684 Alcides
884 2649 979 2693 post
1009 2646 1168 2684 horrida
1198 2647 1307 2685 iussa
1336 2656 1509 2683 reversus

453 2715 652 2763 qaudebat
681 2716 806 2752 strato
840 2714 944 2752 latus
975 2715 1176 2753 adclinare
1209 2715 1318 2752 leoni.

366 2860 394 2902 ¹)
420 2858 473 2894 Cf.
498 2858 543 2894 A.
568 2858 679 2902 Elter,
710 2858 893 2893 Donarem
923 2861 1078 2903 pateras.
1127 2858 1384 2903 Univ.·Pr0gr.
1411 2857 1522 2892 Bonn.
1552 2859 1635 2891 1907
1666 2855 1736 2890 111

251 2925 285 2959 p.
305 2918 359 2959 40,
374 2918 415 2950 40
430 2926 509 2960 sqq.
